3014 4732
789 319 830 390 18

271 475 401 554 lybium,
424 493 490 536 cnm
514 473 632 551 saepius
648 475 682 534 in
699 475 814 547 Africa,
836 473 950 547 Sicilia,
971 473 1121 551 Hispania
1141 477 1275 536 versatus
1297 474 1345 548 sit,

227 637 233 650 ,
271 599 310 639 ex
333 579 380 638 his
402 576 561 637 itineribus
582 577 700 636 illarum
721 596 922 637 mensurarum
948 578 1058 654 primas
1082 578 1154 636 duas
1176 577 1345 654 concepisse
1381 587 1385 594 '

271 680 436 743 verisimile
454 685 506 739 est.
521 670 523 676 ’
550 681 765 740 Eratosthenes
780 699 865 754 vero,
888 679 941 759 qui
956 679 1069 757 primus
1084 680 1159 738 illud
1174 679 1251 739 inter
1268 681 1344 740 Her·

273 785 347 846 culis
364 785 513 845 columnas
530 788 560 842 et
579 783 786 858 Carthaginem
801 783 991 843 intervallum
1008 774 1195 860 τούλάχιστον
1215 787 1295 841 8000
1308 789 1343 842 st.

227 905 230 910 ·
273 896 314 959 (α)
336 887 467 958 taxavit,
497 889 575 945 certe
595 891 711 946 tantum
732 887 816 946 abest
834 890 869 945 ut
886 907 903 964 y
921 883 982 946 etd
1005 884 1152 962 posuerit,
1175 889 1208 944 ut
1225 885 1345 944 Cartha-

271 991 371 1068 ginem
391 991 424 1049 in
450 989 552 1048 eodem
576 987 739 1046 meridiano
761 987 871 1047 circulo
893 1007 951 1065 quo
974 987 1105 1047 Siculum
1127 987 1235 1047 fretum
1257 989 1344 1048 sitam

271 1113 335 1153 esse
351 1093 489 1170 opinatus
506 1092 545 1151 sit
564 1090 631 1168 (Str.
651 1090 713 1168 93).
758 1092 834 1150 Dee
852 1110 923 1151 vero
939 1091 1025 1169 plura
1045 1091 1170 1151 dicenda
1186 1099 1270 1166 sunt,
1292 1093 1345 1171 qui

270 1215 410 1258 numerus
434 1215 473 1254 ex
488 1194 640 1254 Strabonis
657 1193 756 1253 verbis
782 1193 823 1273 (p.
843 1193 914 1270 105)
940 1193 1021 1254 hisce
1046 1193 1210 1255 rationibus
1227 1195 1343 1254 conclu·

270 1300 359 1360 ditur.
402 1297 545 1375 Polybius
563 1296 642 1356 enim
658 1295 832 1356 Dicaearchi
849 1316 1002 1356 numerum
1025 1299 1170 1376 quendam
1193 1298 1289 1376 (7000
1307 1305 1343 1358 st.

270 1394 331 1461 ιἰπό
351 1401 494 1480 πορθμοῦ
511 1401 669 1459 Σικελικοῦ
692 1396 774 1478 μέχρι
796 1400 921 1476 στηλῶν)
944 1401 1050 1459 falsum
1073 1421 1137 1460 esse
1159 1400 1201 1459 ita
1224 1401 1344 1459 demon·

269 1504 391 1577 suasit,
420 1513 454 1564 ut
478 1504 550 1562 duas
572 1523 590 1562 a
609 1502 747 1562 Narbone
770 1502 865 1562 lineas
889 1505 1024 1575 duceret,
1054 1522 1177 1582 quarum
1193 1503 1226 1561 in
1251 1502 1345 1563 altera

269 1627 363 1686 nsque
380 1608 417 1668 ad
436 1605 576 1666 Herculis
590 1605 741 1664 columnas
766 1606 862 1685 μικρῷ
881 1601 1001 1664 ἔλαττον
1017 1598 1038 1681 ἢ
1058 1610 1139 1665 8000
1156 1611 1191 1664 st.
1210 1626 1273 1665 esse
1288 1627 1341 1684 pu·

268 1711 361 1782 tavit,
383 1710 415 1769 in
431 1711 524 1769 altera
539 1728 610 1768 vero
626 1727 721 1786 usque
738 1709 774 1767 ad
791 1707 921 1767 Siculum
941 1709 1049 1768 fretum
1069 1711 1168 1768 πλεῖον
1185 1701 1206 1784 ἢ
1231 1714 1336 1768 11100.

269 1813 318 1872 Λᾶ
339 1814 394 1872 has
412 1812 507 1871 lineas
530 1812 670 1888 deinceps
694 1797 767 1870 alias
786 1809 915 1884 addidit;
937 1810 1076 1870 Herculis
1092 1810 1171 1870 enim
1193 1811 1339 1871 columnas

269 1936 335 1975 curn
346 1914 444 1976 Siculo
456 1915 534 1974 freto
549 1913 716 1986 coniunxit,
732 1935 750 1973 a
761 1914 898 1973 Narbone
912 1933 984 1972 vcro
997 1914 1034 1972 ad
1048 1914 1125 1972 hanc
1135 1912 1243 1973 lineam
1255 1914 1340 1974 aliam

267 2024 377 2079 rectam
391 2017 519 2088 demisit,
539 2016 586 2075 cui
602 2016 819 2091 longitudinem
836 2016 997 2075 stadiorum
1014 2020 1097 2075 2000
1114 2015 1228 2075 tribuit.
1259 2017 1341 2076 Post·

267 2140 348 2181 remo
363 2117 507 2197 Polybius
523 2119 596 2177 haec
612 2119 673 2176 fere
691 2118 816 2177 adiecit:
840 2115 929 2193 δῆλον
946 2105 1000 2177 οὖν
1016 2115 1049 2178 ἐκ
1068 2120 1120 2194 τῆς
1134 2117 1275 2196 παιδικῆς
1292 2139 1340 2195 με·

267 2217 412 2304 τρήσεοις,
436 2215 482 2281 ὅτι
505 2211 527 2297 ἦ
547 2212 690 2296 σύμπασα
708 2217 837 2298 παραλία
853 2212 874 2297 ἦ
891 2213 950 2281 eiad
971 2222 1024 2282 τοῦ
1050 2222 1193 2299 πορθμοῦ
1210 2217 1259 2280 ἐπὶ
1275 2216 1340 2303 σπή-

266 2307 318 2396 λας
335 2323 451 2406 ίγγιοια
469 2314 603 2404 ὑπερέχει
618 2325 670 2399 τῆς
689 2316 739 2382 dai
757 2325 810 2383 τοῦ
833 2319 979 2403 πελοίγους
998 2315 1117 2394 εὐθείας
1139 2325 1341 2396 πεντακοσίοις

267 2427 404 2498 σταδίοις.
451 2427 515 2487 Has
532 2431 613 2487 recte
629 2426 786 2503 Polybium
803 2427 933 2487 rationes
952 2427 1084 2487 effecisse
1101 2411 1197 2488 elucet
1203 2455 1211 2506 ;
1234 2448 1318 2488 nam:

300 2566 421 2628 primum:
440 2559 548 2630 8000†
559 2563 641 2611 11100
653 2582 687 2604 =
700 2563 798 2624 19100;
816 2562 898 2621 itaque
910 2578 926 2609 x
935 2583 969 2604 =
979 2564 1062 2612 19200
1071 2589 1105 2598 -
1114 2564 1164 2612 000
1174 2581 1208 2604 =
1219 2564 1303 2612 18700
1310 2569 1340 2612 st.

301 2668 400 2718 deinde:
418 2681 435 2712 x
446 2687 480 2706 =
494 2667 543 2714 200
556 2648 766 2727 (140-8---10ἱ
780 2659 815 2729 -1-
828 2649 1036 2726 Vm)
1047 2686 1082 2708 ..-..
1095 2651 1338 2733 ΫῙδΜ-ί-δδῄθ.

435 2753 565 2813 log.1ooo
583 2771 617 2792 =
635 2752 745 2810 8,17609

395 2840 409 2886 1
430 2853 436 2884 :
455 2839 564 2897 3,17609
584 2857 617 2877 =
637 2837 746 2893 1,58805

306 2937 373 2970 num.
391 2923 565 2983 log.1,58805
583 2941 617 2964 ==
636 2921 711 2980 38,73

264 3026 328 3085 Iam
344 3025 410 3085 lnce
428 3026 536 3085 clarius
555 3030 612 3098 est,
635 3027 715 3084 hunc
730 3043 885 3083 numerum
907 3025 1026 3102 (18700
1045 3024 1095 3083 rel
1114 3027 1228 3104 18766)
1251 3026 1339 3103 plane

264 3129 404 3188 acetaria
419 3127 481 3188 illis
501 3135 541 3200 (α,
560 3126 589 3205 β,
605 3149 632 3205 y,
651 3124 678 3198 d)
703 3128 879 3203 discrepare,
902 3146 975 3206 qnos
992 3147 1081 3204 supra
1099 3129 1340 3189 commemoravi·

263 3250 337 3290 mus.
381 3229 490 3291 Verum
506 3231 638 3307 integros
659 3249 710 3290 eos
727 3250 766 3289 ax
783 3229 903 3308 Polybii
920 3229 1007 3289 libris
1026 3231 1064 3290 ad
1080 3233 1209 3290 nostram
1231 3252 1339 3292 memo·

264 3333 339 3393 riam
353 3333 533 3410 pervenisse,
550 3337 612 3394 tcta
621 3333 773 3394 Strabonis
789 3333 1018 3392 ratiocinatione
1036 3332 1108 3393 satis
1124 3336 1337 3411 comprobatur.

265 3435 364 3500 Quare
377 3437 534 3514 Polybium
550 3435 608 3496 sibi
624 3456 684 3496 non
700 3435 869 3496 constitisse
886 3437 1076 3496 statuendum
1092 3443 1145 3509 est,
1164 3438 1243 3516 quod
1258 3436 1337 3498 idem

261 3558 383 3600 numero
396 3561 416 3616 μ
432 3539 574 3612 firmatur,
592 3559 680 3619 quem
696 3558 785 3616 supra
801 3539 959 3600 omisimus.
990 3543 1032 3598 Ac
1047 3539 1153 3616 procul
1167 3541 1256 3599 dubio
1269 3539 1337 3600 ideo

261 3641 294 3700 in
308 3661 429 3718 magnos
447 3641 592 3701 eiusmodi
608 3641 720 3701 e'rrores
738 3642 853 3713 incidit,
877 3642 955 3720 quod
973 3660 1124 3721 nunqnam
1143 3641 1276 3704 omnium
1291 3645 1338 3704 in·

261 3745 454 3806 tervallorum
471 3745 600 3804 tabulam
616 3748 684 3804 ante
701 3744 801 3804 oculos
819 3737 877 3802 sibi
895 3763 1060 3821 proponere
1077 3745 1218 3821 suscepit.
1262 3746 1337 3805 Nam

261 3847 369 3908 multas
384 3851 478 3908 terras
494 3847 659 3924 descripsit,
678 3847 786 3906 multas
803 3867 955 3906 mensuras
971 3847 1098 3922 collegit,
1117 3850 1170 3907 sed
1185 3868 1336 3927 nunquam

262 3948 379 4026 singula
393 3951 431 4009 ad
444 3948 556 4009 πίνακα
571 3942 778 4029 γεωγραφικὸν
792 3949 1000 4008 delineandum
1011 3951 1244 4027 comprehendit,
1261 3970 1336 4010 nun·

262 4071 350 4132 quam
365 4052 533 4114 universam
549 4052 710 4129 spatiorum
733 4051 893 4126 imaginem
916 4047 1111 4114 adumbrarit.
1155 4054 1202 4114 Ita
1225 4055 1336 4114 factum

239 4191 244 4201 «
263 4157 325 4230 est,
345 4159 379 4216 ut
399 4155 576 4216 sententiam
600 4153 724 4216 alicuius
749 4154 859 4215 veteris
878 4155 1042 4232 geographi
1057 4175 1123 4216 cum
1138 4161 1221 4216 tanto
1238 4156 1335 4218 studio

844 2802 920 2860 suso
931 2797 966 2868 ψ
977 2804 1053 2860 aeae
1071 2823 1105 2844 =
1123 2805 1206 2862 oasa.

781 2902 798 2933 x
815 2907 849 2928 ι-
868 2889 963 2945 noo><
977 2889 1052 2946 oues
1071 2909 1104 2930 =
1125 2890 1207 2939 sarco
1220 2894 1250 2937 α.
