3014 4732
687 307 727 372 13

170 466 192 517 1,
211 465 362 514 ANarbono
487 463 519 512 od
531 462 579 512 Sic.
591 464 646 513 fret.
665 467 733 512 recta
751 462 831 510 linea:
856 461 939 514 alatos
958 452 977 525 ἦ

895 549 1022 598 1120041.
1060 544 1108 594 Str.
1129 546 1185 595 100.

172 653 198 702 μ,
213 670 228 696 ,,
248 635 300 684 041.
318 636 392 683 Hero.
496 668 511 695 ,‚
531 634 646 684 Sicfret.
688 667 703 693 ‚‚
774 667 789 693 ‚,
833 633 978 683 1444187116
998 667 1013 693 ‚,

256 774 305 834 Ex
322 772 430 852 quibus
447 771 583 832 omnibus
599 771 766 831 intervallis
781 772 817 831 de
834 789 893 830 uno
909 773 1025 830 tantum
1040 767 1246 830 Eratosthenis
1303 851 1306 858 ,

171 875 321 938 sententia
344 879 415 934 nota
435 879 494 947 est,
517 875 582 936 dico
601 893 668 934 eum
685 891 856 947 numerum,
878 891 966 952 quem
987 871 1092 932 ultimo
1114 871 1178 931 loco
1201 875 1246 946 (μ)

172 977 275 1055 posui,
303 977 341 1037 de
365 997 423 1057 quo
447 979 568 1057 quidem
588 977 648 1037 iam
668 977 820 1054 disputare
843 976 927 1050 nolo,
955 994 1022 1036 oum
1046 974 1152 1038 melius
1172 972 1248 1032 mihi

174 1101 239 1140 cum
260 1080 298 1140 iis
316 1080 462 1140 mensuris
480 1080 643 1156 comparari
660 1079 814 1152 videatur,
836 1097 912 1158 quae
929 1079 965 1137 ds
980 1076 1099 1136 Africae
1118 1076 1249 1153 longitn-

175 1183 246 1242 dine
268 1183 436 1242 traduntur.
479 1187 523 1242 Aa
547 1202 585 1242 44
608 1184 624 1240 t
650 1181 770 1261 quidem
792 1201 872 1242 nuno
897 1181 1045 1254 tracum,
1072 1182 1151 1260 quod
1172 1179 1250 1240 siout

175 1286 254 1362 apud
269 1285 443 1348 Strabonem
464 1285 577 1345 ibidem
599 1285 723 1362 legitur,
754 1284 806 1345 ubi
830 1305 866 1361 μ,
896 1284 940 1344 ita
962 1302 1043 1343 ame
1060 1285 1163 1343 eodem
1184 1282 1248 1342 loco

176 1389 344 1463 ponendum
367 1394 419 1448 est.
463 1388 508 1447 De
527 1389 633 1448 ceteris
656 1394 754 1448 autem
777 1387 883 1464 spatiis
900 1392 979 1447 certe
998 1387 1057 1446 iam
1075 1392 1143 1446 anto
1159 1385 1249 1463 Poly·

176 1489 257 1548 bium
276 1490 437 1566 geographi
462 1490 625 1550 sententias
651 1490 906 1567 conscripserunt,
928 1490 980 1549 sed
997 1489 1058 1548 fato
1074 1488 1195 1562 accidit,
1216 1493 1251 1548 nt

176 1612 276 1652 aarum
301 1592 382 1652 nulla
406 1592 574 1652 etiamnunc
599 1597 688 1652 extet
732 1575 831 1655 Quare
856 1591 992 1669 (fortasse
1009 1596 1127 1667 praeter
1144 1589 1162 1648 d
1179 1596 1210 1650 et
1225 1594 1252 1667 ε)

176 1715 229 1774 pro
248 1669 328 1755 certo
350 1695 490 1754 affirmari
516 1714 576 1755 uon
592 1701 706 1772 potest,
734 1701 834 1756 utrum
850 1696 905 1754 hos
927 1713 1065 1754 numeros
1082 1693 1148 1771 ipse
1162 1694 1252 1772 Poly-

177 1799 245 1857 bius
269 1797 381 1874 primus
407 1797 543 1875 posuerit
566 1818 604 1857 an
624 1818 663 1857 ex
686 1798 811 1857 aliorum
832 1797 917 1857 libris
939 1796 1163 1874 deprompserit.
1206 1796 1252 1857 De

179 1898 305 1978 singulis
325 1901 431 1960 haecce
454 1902 588 1960 addenda
608 1907 686 1962 suut.

265 2002 394 2062 Primum
420 2003 540 2082 quidem
561 2026 580 2062 a
596 2007 629 2064 et
647 2001 667 2079 β
684 2007 748 2081 ety
770 2007 942 2063 coacervata
957 2003 1020 2062 fere
1039 2006 1119 2061 8300
1136 2007 1171 2062 st
1189 2001 1253 2062 effi·

175 2104 271 2164 aiunt
314 2105 371 2164 Sed
391 2104 504 2178 lineae,
526 2125 649 2184 quarum
667 2105 869 2181 longitudines
886 2105 1029 2182 Polybius
1051 2103 1100 2163 his
1122 2103 1253 2163 numeris

181 2207 325 2281 definivit,
341 2207 604 2283 septentrionalem
617 2207 722 2267 Italiae
736 2212 849 2284 partem
864 2207 907 2267 ita
921 2206 1090 2279 terminant,
1108 2211 1254 2284 4141444-

180 2311 268 2372 ninus
287 2330 371 2370 44444
394 2329 455 2370 nou
477 2312 513 2370 ad
536 2310 631 2387 ipsam
650 2309 797 2370 Adriatici
811 2312 900 2370 maris
916 2330 996 2371 oram
1017 2309 1179 2387 pertineat,
1201 2311 1253 2370 sed

182 2419 241 2474 500
257 2422 294 2475 st.
316 2414 424 2474 abhinc
443 2413 597 2473 meridiam
613 2434 717 2475 versus
732 2413 870 2474 flectatur
893 2413 952 2492 (ΙΙ,
978 2419 1030 2486 16,
1053 2413 1100 2492 4),
1121 2414 1253 2493 itemque

180 2519 274 2595 Alpes
298 2523 422 2592 angusto
439 2517 535 2593 spatio
562 2509 651 2593 (alala
666 2513 806 2595 βραχέοςε
829 2518 875 2590 ΙΙ,
901 2521 953 2591 14,
977 2517 1009 2594 6)
1031 2517 1164 2594 apelagi
1185 2515 1253 2576 sinu

181 2621 300 2680 distent.
352 2617 435 2682 Quae
463 2639 529 2678 oum
554 2619 615 2680 illis
643 2624 723 2679 8300
751 2626 951 2680 consummata
972 2639 1114 2679 summam
1136 2619 1254 2680 circiter

183 2728 265 2782 9000
280 2729 314 2782 et.
334 2723 489 2800 complent.
533 2721 675 2799 Polybius
690 2727 788 2783 autem
804 2729 895 2783 totam
912 2723 1037 2782 Galliam
1051 2726 1181 2798 togatam
1198 2721 1255 2781 oir-

184 2825 265 2886 ouitu
286 2819 323 2885 od
342 2819 417 2885 nott
433 2825 540 2885 λείπειν
556 2827 615 2884 cciv
635 2830 736 2885 10000
754 2831 789 2886 st.
812 2825 891 2885 dixit
912 2825 966 2904 (ΙΙ,
990 2831 1038 2899 14,
1064 2827 1123 2902 12).
1167 2823 1254 2888 Quod

184 2949 218 2990 4ο
233 2929 330 2988 minue
346 2935 513 2989 accuratum
530 2934 588 3002 est,
611 2931 690 3008 quod
713 2929 785 2990 alibi
799 2929 905 2988 Senam
928 2928 989 3006 (11,
1013 2934 1065 3003 14,
1094 2931 1160 3007 11),
1182 2928 1255 2989 alibi

183 3032 351 3092 Ariminum
373 3031 447 3110 (ΙΙΙ,
470 3036 525 3104 86,
548 3033 579 3109 2)
602 3052 656 3108 pro
679 3032 842 3092 meridiano
862 3031 976 3092 Galliae
997 3031 1124 3092 termino
1145 3032 1254 3109 posuit.

182 3137 223 3195 Et
244 3135 320 3194 illud
340 3153 457 3207 moneo,
488 3135 566 3212 quod
587 3134 647 3193 iam
671 3134 750 3207 dixi,
772 3133 931 3212 Polybium
947 3134 1045 3211 spatia
1064 3135 1115 3195 hic
1136 3154 1197 3195 non
1218 3137 1256 3196 ad

184 3238 301 3315 singula
325 3236 419 3297 stadia
446 3237 632 3312 definivisse,
661 3258 726 3298 cum
750 3237 882 3297 breviter
901 3240 1016 3297 tantum
1036 3257 1071 3316 ea
1089 3239 1257 3314 attingeret,

187 3341 309 3420 quaein
325 3347 388 3400 tota
404 3340 484 3399 orbis
499 3347 644 3400 terrarum
660 3340 859 3418 descriptione
873 3345 977 3417 postea
991 3342 1155 3402 accuratius
1173 3361 1259 3418 repe·

187 3448 249 3503 tore
270 3444 327 3503 sibi
348 3448 549 3520 proposuerat.

271 3545 387 3605 Deinde
411 3543 429 3604 d
450 3552 482 3605 et
505 3565 518 3604 ε
542 3545 590 3606 his
612 3545 713 3607 verbis
738 3545 918 3618 aStrabone
939 3546 1025 3607 nobis
1047 3551 1259 3608 conservantur

186 3773 237 3813 ναι
256 3751 336 3829 pileo
353 3743 531 3810 πεντακόσια
549 3745 691 3828 ἐξήκοντα
707 3745 762 3811 δύο
781 3749 823 3821 εἰς
839 3746 942 3828 Salvom
956 3747 1054 3825 πόλιν,
1078 3751 1217 3813 ἐντεῦθεν
1233 3745 1260 3812 d’

187 3853 229 3926 εἰς
243 3848 401 3931 Ἀκυληΐαν
419 3845 524 3913 icardo
538 3847 744 3931 ἑβδομήκοντα
759 3846 846 3914 o'arci.
892 3855 992 3916 Certae
1006 3855 1099 3934 igitur
1112 3854 1260 3916 Romano·

187 3979 253 4020 rum
277 3975 429 4018 mensuras
452 3956 595 4035 Polybius
618 3956 775 4017 tradidisse
799 3958 926 4017 videtur.
976 3958 1039 4018 Neo
1064 3957 1186 4018 dubium
1208 3963 1262 4033 est,

190 4062 262 4142 quin
279 4062 347 4120 viae
368 4066 432 4120 tum
452 4059 572 4136 publice
594 4060 725 4120 munitae
743 4059 869 4133 fuerint,
900 4079 1024 4140 quarum
1042 4060 1261 4137 longitudinem

188 4165 316 4230 Romani
344 4163 480 4242 passibus
506 4163 710 4224 definiverunt
758 4163 817 4224 Sed
840 4165 894 4223 has
916 4163 997 4241 ipsas
1024 4183 1095 4224 num
1117 4163 1262 4244 Polybius
