3014 4732
791 301 834 370 34
851 389 855 394 .

273 457 364 534 pione
388 456 557 520 auctoribus
578 457 606 518 ei
624 458 734 520 Romae
754 477 873 520 manere
898 478 1066 520 concessum
1093 466 1153 536 ast,
1181 483 1248 524 cam
1269 464 1349 525 inter

273 560 355 622 mille
378 560 446 620 illos
472 561 586 620 nobiles
602 561 787 620 Achaeorum
811 561 928 622 obsides
951 563 1128 624 allemanie
1146 585 1185 624 ax
1202 566 1349 644 Pelopon·

273 680 343 726 neco
362 665 557 724 abduceretur
579 663 735 742 (XXXII,
759 670 793 736 0,
817 663 857 741 b).
901 665 976 724 Inde
994 665 1162 744 Scipionem
1178 669 1348 744 saepissime

272 766 443 839 comitatus,
472 785 538 828 cum
561 766 702 843 plurimas
720 766 825 828 Italiae
848 774 948 844 partes
970 768 1081 843 adiret,
1103 777 1166 830 tum
1183 771 1275 849 Alpes
1292 773 1349 832 Lo·

272 888 336 930 cros
359 869 514 932 Lacinium
537 870 610 930 alias
637 869 773 944 regiones
802 870 966 946 conspexit
1011 871 1086 932 Nam
1109 873 1202 950 Alpes
1228 875 1348 954 quidem

271 991 376 1046 magno
391 992 457 1034 oum
474 972 572 1034 studio
591 977 792 1048 perscrutatus
809 977 871 1044 est,
894 977 927 1033 ut
942 973 1057 1036 fabulas
1072 993 1090 1034 a
1104 976 1207 1036 multis
1222 978 1348 1054 scripto-

270 1072 352 1140 ribus
372 1077 408 1136 de
424 1075 604 1136 Hannibalis
627 1073 818 1150 expeditione
835 1075 918 1140 fictas
941 1077 1117 1151 redarguere
1136 1095 1170 1138 ac
1186 1097 1285 1140 veram
1308 1082 1346 1140 de

270 1177 318 1237 his
333 1179 484 1238 montibus
500 1177 669 1254 opinionem
683 1177 721 1236 iis
737 1196 907 1254 comparare
922 1185 1036 1256 posset,
1059 1179 1111 1258 qni
1125 1179 1265 1242 historias
1279 1203 1347 1243 suas

269 1280 404 1357 legerent
425 1280 495 1360 (IIL
518 1285 568 1353 48,
596 1281 654 1358 12).
696 1282 746 1339 Ad
761 1280 871 1341 Locros
890 1299 961 1340 vero
977 1281 1201 1360 Epizephyrios‚
1225 1285 1347 1363 quibus·

269 1403 336 1444 cum
352 1386 478 1463 quodam
492 1383 612 1443 vinculo
631 1382 805 1442 coniunctus
823 1387 902 1456 erat,
923 1383 1041 1460 saepius
1056 1404 1087 1443 se
1104 1403 1121 1443 a
1137 1384 1261 1446 Graecia
1277 1408 1346 1464 pro-

268 1485 378 1546 fectum
401 1506 464 1547 ease
480 1507 513 1546 ac
531 1486 624 1546 multa
642 1487 680 1545 iis
698 1487 848 1546 commoda
865 1485 1036 1564 praebuisse
1053 1488 1186 1548 narravit
1206 1487 1292 1572 (XII,
1316 1497 1344 1566 5,

273 1591 368 1672 laq.).
411 1593 501 1668 Apud
517 1589 646 1651 Brettios
663 1587 771 1650 deinde
793 1587 1017 1665 inscriptionem
1041 1589 1124 1649 illam
1142 1591 1219 1652 vidit
1226 1637 1234 1666 ,
1257 1613 1341 1672 quam

268 1691 421 1761 Hannibal
435 1693 467 1760 in
478 1693 600 1756 Lacinio
615 1691 816 1770 promontorio
832 1691 995 1771 reliquerat
1012 1693 1082 1769 (111,
1099 1699 1149 1767 38,
1169 1693 1229 1772 18).
1259 1695 1336 1754 (lette

267 1795 325 1856 alia
344 1813 461 1875 quoqne
476 1796 581 1858 Italiae
595 1795 660 1856 loca
678 1795 860 1872 exploravit,
882 1794 967 1854 velut
981 1795 1186 1858 Trasimenum
1200 1797 1297 1858 lacum
1312 1801 1339 1858 et

266 1897 343 1959 Arni
366 1899 504 1976 paludes,
533 1917 606 1978 quas
634 1897 753 1977 quidem
778 1898 914 1972 regiones
944 1897 1162 1958 accuratissime
1187 1900 1343 1976 descripsit

266 1999 330 2078 (lib.
345 2002 416 2079 Ill).
459 2001 541 2061 Hinc
557 2000 649 2076 igitur
671 2017 821 2060 mensuras
840 2000 907 2060 illas
923 2001 1123 2060 Romanorum
1139 2002 1275 2078 passibus
1291 2005 1341 2064 de·

265 2101 365 2164 finitas
383 2104 518 2179 collegit,
545 2103 616 2163 hinc
639 2103 820 2178 singulorum
837 2103 966 2162 locorum
991 2103 1145 2164 distantias
1162 2106 1342 2182 magnitudi-

265 2225 378 2286 nesque
401 2206 549 2282 cognovit.

298 2340 321 2376 α.
340 2324 439 2385 Alpium
457 2327 525 2374 lacus
542 2329 599 2374 aunt
615 2326 735 2384 Benacus,
754 2325 823 2372 cuius
839 2323 966 2384 longitudo
1014 2325 1064 2372 000
1085 2327 1115 2371 st.

838 2409 941 2456 latitudo
1022 2409 1067 2478 100
1091 2441 1106 2468 ,,

616 2495 718 2557 Larius,
745 2495 814 2544 cuins
837 2493 964 2555 longitudo
1016 2494 1067 2542 loo
1090 2527 1106 2555 „

835 2579 938 2628 nauco
957 2567 1019 2642 aad
1032 2581 1066 2628 eo
1089 2611 1106 2640 ,,
1149 2579 1200 2630 su.
1218 2581 1275 2631 roo.

616 2667 753 2727 Verbanus,
770 2666 839 2716 cuim
855 2664 982 2728 longitudo

919 2745 996 2815 ἔγγὺς
1014 2750 1063 2800 eoo
1089 2782 1104 2812 ‚2

848 2835 951 2884 nutans
1031 2836 1063 2886 ao
1088 2869 1104 2896 ,,

296 2921 320 2989 β.
337 2921 420 2970 Padus
437 2937 482 2984 per
497 2911 619 2970 Volanum
637 2921 726 2970 ostium
743 2928 781 2971 sat
797 2923 898 2972 narium
916 2935 993 2982 capax

826 3002 918 3074 cyson
937 3003 978 3058 erl
997 3009 1064 3056 0000
1087 3038 1102 3068 „
1139 2973 1193 3022 1³⁰¹·
1200 2975 1233 3035 Ην
1243 2977 1283 3036 1⁶2
1295 2978 1336 3026 10·

294 3108 318 3160 γ.
335 3094 450 3144 Etruriae
466 3094 595 3156 longitudo
611 3094 643 3142 ad
661 3107 730 3142 oram
747 3093 875 3154 naviganti
997 3093 1062 3142 1400
1086 3123 1102 3153 ,,
1119 3091 1127 3158 l
1147 3091 1195 3142 Str.
1214 3097 1272 3144 2²2.

294 3215 316 3267 0.
334 3217 357 3264 Δ
375 3214 483 3266 Geronio
501 3215 533 3263 ad
550 3214 680 3263 Luceriam
1013 3213 1063 3262 200
1087 3245 1103 3274 „
1147 3178 1265 3315 ΡῙὲοῙῙέι

1216 3299 1223 3325 ,
1259 3303 1264 3314 .

343 3354 395 3414 IV.
417 3353 589 3416 Siciliam
610 3352 775 3412 insulam
796 3350 822 3410 si
840 3369 901 3410 non
917 3349 1035 3427 saepius
1052 3353 1083 3410 at
1101 3356 1181 3411 certe
1198 3358 1261 3413 tum
1277 3353 1335 3414 Po·

257 3457 358 3537 lybiua
383 3457 524 3530 intravit,
556 3475 623 3516 cnm
647 3455 816 3533 Scipionem
841 3453 966 3513 amicum
994 3471 1121 3532 sequens
1144 3453 1177 3512 in
1200 3454 1334 3516 Africam

257 3561 406 3622 transiret
444 3559 528 3622 Tunc
544 3557 637 3620 Siculi
652 3557 723 3619 freti
740 3556 928 3617 latitudinem
943 3561 994 3616 aut
1008 3554 1101 3616 oculis
1116 3560 1168 3617 ant
1182 3556 1267 3618 navis
1282 3557 1333 3619 iti·

257 3683 328 3726 nere
346 3665 497 3725 dimensus
522 3669 582 3738 est,
611 3669 682 3723 tunc
696 3661 873 3739 Lilybaeum
889 3657 1035 3719 Heircten
1050 3660 1177 3737 Erycem
1194 3660 1253 3719 alia
1268 3661 1334 3722 loca

257 3768 447 3848 conspexisse
464 3767 597 3840 videtur,
620 3765 728 3845 quibus
748 3763 844 3840 primo
860 3762 938 3822 bello
955 3761 1068 3822 Punico
1086 3761 1229 3824 acermma
1245 3783 1332 3840 proe-

255 3871 297 3934 lic
313 3871 573 3936 commiscuerant
617 3870 723 3947 Itaque
744 3871 778 3926 ut
793 3865 929 3943 exempla
943 3865 1063 3929 afferam
1082 3865 1330 3928 acomatissimam

254 3975 468 4036 Leontinorum
483 3972 566 4034 urbis
587 3971 669 4050 (VII,
693 3977 721 4044 6,
747 3969 853 4050 lsqq.)
876 3973 907 4028 et
920 3967 1129 4046 Syracusarum
1151 3969 1249 4046 (VIII,
1267 3975 1330 4027 5-

256 4085 285 4140 0.
300 4081 354 4153 07)
368 4075 527 4154 imaginem
545 4073 745 4148 adumbravit3
767 4075 819 4134 sed
832 4072 993 4132 stadiorum
1008 4070 1125 4132 numeri
1138 4069 1228 4130 nimis
1241 4071 1329 4148 pauci

254 4181 289 4246 in
309 4183 374 4244 eius
395 4179 532 4263 reliqniis
553 4183 673 4240 restant.
