3014 4732
684 317 728 384 nt

191 475 441 549 ssi-supas
455 499 490 524 ι-
508 475 661 544 suestram.
679 489 702 536 p.
721 474 763 534 (u.
782 471 828 520 sss
845 470 908 520 unz
929 467 1003 518 enm
1020 478 1150 516 sunem
1166 464 1249 526 penu

262 589 374 640 mem:
393 581 528 630 onxxrn.
545 579 610 639 xo).

206 673 280 738 ὦ.
300 687 347 739 1111
365 685 436 745 (un)
447 679 619 750 mooun
636 679 710 746 (uu)
727 695 762 720 ω
782 677 865 727 senso
881 675 914 722 m
933 688 960 735 p.

209 776 309 842 litant
321 800 354 808 —
366 771 449 820 16060
466 789 501 814 =
521 770 586 818 1125
599 768 631 816 Μ.
644 781 668 828 p.
687 785 721 808 =
740 764 807 814 9000
820 767 850 810 st.
868 759 1009 824 (Maeotidis
1019 758 1145 820 periplus:
1164 757 1194 804 of.
1207 757 1250 816 E).

149 867 151 874 ¹
172 880 237 952 ,Iam
251 882 287 940 ut
301 875 409 947 omnia,
431 892 507 954 quae
524 873 561 933 de
575 875 639 932 toto
651 865 842 945 Agathemeri
858 863 947 924 tertio
963 863 1060 940 eapite
1076 861 1149 935 dixi,
1172 881 1251 922 eom·

173 981 369 1060 prehendam,
389 977 475 1037 illum
492 993 630 1064 numeros
648 974 684 1032 ab
700 969 888 1038 artemidoro
905 965 1057 1044 petivisse,
1081 967 1161 1026 buno
1179 982 1250 1024 vero
1284 981 1288 992 ¹

174 1103 267 1162 prope
288 1083 321 1142 in
344 1079 481 1141 omuibus
500 1077 728 1141 Eratosthenem
750 1077 884 1135 ssontum
906 1089 969 1130 esse
991 1068 1130 1130 vidimus.

259 1185 426 1244 Redeamus
447 1182 567 1240 taudem
584 1180 621 1237 ad
640 1175 812 1253 Polybium,
834 1172 917 1234 ossius
939 1191 1077 1238 numeros
1095 1187 1161 1232 enm
1179 1170 1252 1230 Era*

176 1284 320 1352 tosthenis
342 1285 476 1371 eonferpe
498 1281 604 1347 lineat:

328 1403 427 1464 Polybii
444 1403 471 1452 hi
488 1405 563 1460 sunta
816 1395 987 1445 Eratosthenis
1004 1409 1078 1442 vero:

331 1505 356 1539 α.
373 1484 481 1554 ἔγγιστα
498 1487 590 1538 stobe.
613 1479 624 1536 ,’
675 1497 679 1506 ’
792 1479 820 1528 G.
839 1481 925 1530 03004
945 1481 988 1528 val
1005 1481 1098 1530 tabas.

331 1574 355 1640 β.
517 1570 591 1620 8000,
794 1565 822 1613 E.
1024 1564 1098 1617 0000.

266 1715 268 1721 .
332 1673 356 1722 Υ·
550 1655 591 1712 ³0.-
736 1708 737 1716 ,
792 1651 821 1698 F·
1058 1653 1098 1700 ts.

336 1741 356 1802 ζ.
568 1741 592 1788 5.
793 1736 827 1783 Η.
1075 1739 1098 1784 6.

178 1847 237 1907 ees
251 1843 395 1921 Polybius
417 1862 468 1903 eur
492 1861 593 1902 omnes
608 1839 816 1900 Eratosthenis
833 1859 971 1899 numeros
988 1837 1088 1917 paullo
1104 1840 1254 1915 minuerit,

180 1949 318 2029 equidem
343 1966 458 2006 eausam
482 1945 588 2006 afferre
615 1963 674 2002 uon
698 1963 825 2020 possum.
869 1941 915 2001 De
937 1945 962 2000 e
989 1941 1022 2020 (2
1044 1941 1094 2019 st.)
1123 1943 1254 2023 denique

180 2049 294 2110 Uherto
311 2049 462 2122 assentior,
486 2047 538 2129 qui
553 2044 745 2124 Hellesponti
759 2045 949 2105 latitudinem
963 2045 997 2106 iu
1016 2045 1136 2122 Polybii
1153 2067 1255 2106 mauu-

182 2153 299 2229 seriptis
313 2151 500 2211 librariorum
517 2151 604 2227 eulpa
622 2151 814 2226 depravatam
835 2169 899 2209 esse
923 2148 1053 2224 sensuit,
1075 2169 1140 2208 oum
1163 2147 1255 2209 ceteri

119 2244 124 2251 ’
181 2256 338 2333 scriptores
358 2274 459 2314 omues
475 2253 694 2314 eonsentientes
711 2252 850 2313 maiorem
869 2252 1015 2332 quendam
1034 2271 1188 2314 numerum
1203 2273 1255 2330 po-

180 2362 254 2419 nant
274 2357 306 2434 Ὶ(7
325 2363 377 2418 st:
406 2357 462 2416 Str.
483 2362 551 2417 124.
595 2356 673 2416 Pliu.
689 2357 741 2430 IV,
765 2357 826 2433 57).
871 2356 1026 2416 Hactenus
1048 2357 1085 2415 de
1107 2355 1203 2416 Ponto
1226 2357 1257 2420 et

182 2461 339 2521 Maeotide.

686 2611 702 2692 ἓ
727 2619 754 2674 8.

269 2735 316 2793 Ad
338 2733 429 2794 finem
449 2733 542 2810 igitur
566 2734 660 2794 totius
683 2735 720 2795 de
744 2733 891 2794 mensuris
917 2733 1099 2814 quaestionis
1122 2735 1255 2812 perveni.

182 2839 283 2916 Atque
300 2836 351 2896 hio
366 2836 426 2896 iam
442 2837 574 2897 breviter
598 2837 790 2914 eompleotar,
814 2835 886 2916 quid
905 2839 942 2896 de
958 2837 1077 2914 Polybii
1094 2838 1256 2899 stadiorum

183 2937 316 2998 numeris
337 2938 496 3000 dicendum
521 2959 584 2999 esse
607 2939 868 3017 oomprobsverim:
912 2937 982 2998 'iris
1000 2957 1068 3015 ergo
1085 2944 1154 3000 sunt
1176 2961 1258 3001 men·

183 3059 317 3102 surarum
335 3061 451 3116 genere,
474 3061 599 3122 quorum
617 3041 745 3120 primum
761 3043 798 3102 ad
813 3044 950 3119 Europae
968 3042 1104 3118 regiones
1119 3041 1258 3119 pertinet,

184 3143 309 3204 alterum
332 3147 368 3204 ad
393 3145 495 3204 Asiam
520 3151 610 3225 atque
626 3144 774 3218 Africam,
803 3145 925 3205 tertium
948 3145 986 3204 sd
1012 3163 1112 3204 eorum
1134 3145 1258 3204 marium

184 3245 295 3324 spatia,
326 3264 401 3325 quae
424 3267 442 3306 a
462 3247 602 3307 Esueidis
623 3247 698 3307 ostio
724 3248 762 3306 ad
778 3245 968 3324 Hellesponti
988 3246 1258 3323 augustiniensium

185 3351 222 3409 ab
243 3349 379 3425 Europae
405 3348 493 3408 litore
521 3349 704 3426 disiungunt.
753 3350 791 3408 In
817 3349 914 3426 primo
938 3367 1127 3410 numerorum
1150 3369 1258 3427 genere

184 3451 327 3530 Polybius
350 3451 525 3531 plerumque
541 3452 604 3512 suis
625 3453 721 3530 ipsius
738 3452 898 3513 itineribus
914 3452 996 3512 nisus
1013 3473 1047 3512 ao
1061 3452 1169 3512 multas
1187 3454 1258 3512 Era-

184 3553 332 3616 tosthenis
354 3573 506 3615 mensuras
531 3557 687 3618 emendare
708 3562 830 3617 eonatus
852 3561 905 3616 est
950 3554 1048 3619 Quare
1065 3557 1171 3616 Strabo
1192 3573 1259 3616 oum

185 3658 223 3718 de
239 3657 447 3718 Eratosthenis
469 3658 696 3719 occidentalium
719 3659 1055 3738 septentrionaliumque
1074 3665 1171 3721 terrae
1191 3681 1260 3740 par·

185 3762 261 3823 tium
276 3759 396 3822 inseitis
410 3759 553 3820 iudicium
569 3761 680 3822 iuberet
695 3761 764 3840 (Str.
783 3766 850 3834 104,
873 3763 911 3821 of.
928 3761 982 3839 47)
1001 3781 1041 3821 ex
1055 3762 1175 3841 Polybii
1192 3783 1259 3824 seu·

185 3864 282 3946 tentis
308 3863 420 3924 dixisse
443 3863 577 3938 videtur,
606 3866 690 3926 velut
714 3865 823 3924 diserte
847 3864 989 3926 traditum
1011 3869 1057 3925 est
1082 3865 1153 3943 (Str.
1177 3867 1259 3943 107),

186 3965 345 4044 Polybium
360 3967 555 4040 oontendisse,
572 3967 797 4028 Eratosthenem
814 3958 932 4046 α’γνοεῖν
947 3960 983 4026 τοὶ
996 3959 1135 4046 'lipperti
1165 3969 1260 4028 Erant

187 4068 295 4130 deiude
307 4068 341 4128 in
356 4067 405 4130 his
419 4069 589 4144 regionibus
606 4069 674 4130 vise
688 4090 706 4129 a
720 4070 862 4130 Romanis
876 4069 1017 4143 munitae,
1036 4089 1161 4150 quarum
1176 4091 1259 4131 men·

187 4170 266 4234 suris
279 4171 422 4251 Polybius
439 4172 552 4250 primus
570 4171 700 4233 omnium
719 4171 895 4238 Graesorum
914 4192 986 4233 usus
1008 4179 1061 4234 est
1105 4173 1150 4235 De
1166 4175 1259 4238 altero
