3014 4732
702 317 745 384 29

185 497 263 566 sunt,
278 491 331 572 qui
343 492 463 571 quidem
475 493 539 570 (IV,
550 492 601 568 77)
613 490 800 551 Artemidoro
812 481 903 550 alium
914 508 1068 549 numerum
1080 469 1258 568 (XXVI-III.

186 595 312 654 XVIIII
330 596 370 656 M.
388 615 416 672 p.
433 621 477 646 =
493 599 597 654 23852
613 596 662 671 st.)
680 599 769 673 atque
785 591 975 654 Eratostheni
990 590 1169 652 adiudioent
1201 589 1259 650 Sed

185 699 266 758 hunc
281 703 395 758 mutere
415 717 449 758 eo
465 697 564 757 minus
582 699 778 756 cunctandum
802 715 866 756 esse
889 694 1042 768 existimo,
1066 712 1124 774 quo
1142 693 1260 753 facilius

75 877 78 886 ι
187 819 221 860 ac
237 800 354 877 saepius
369 800 503 874 singulae
515 799 633 859 litterae
648 799 693 858 ibi
706 799 850 859 confundi
867 818 901 858 co
918 796 1067 874 eorrumpi
1082 796 1187 870 solent,
1208 795 1261 855 nbi

185 903 297 963 multae
326 909 386 964 tam
413 903 586 983 frequenter
615 901 803 962 librariorum
835 901 972 961 manibus
1004 899 1260 960 transscribendee

188 1026 287 1098 erent,
316 1041 403 1102 quam
426 1023 480 1083 illo
500 1021 592 1082 Plinii
617 1021 690 1081 loco.
733 1021 1012 1108 ItaqueXXVIII.
1035 1019 1184 1078 LXXXV
1205 1018 1261 1097 (=

190 1123 293 1200 23000
312 1141 360 1219 st.)
382 1159 436 1218 pro
458 1125 623 1202 XXEffiI.
646 1141 773 1201 XVIIII
794 1141 923 1200 scribere
939 1139 1055 1216 malim,
1077 1159 1153 1218 quae
1175 1142 1262 1198 notae

189 1239 232 1301 ita
251 1245 427 1321 depravatae
450 1250 535 1316 sunt,
564 1249 599 1305 ut
619 1245 756 1324 repetitis
776 1243 952 1324 quibusdam
967 1241 1058 1321 prImi
1076 1241 1192 1302 numeri
1213 1241 1263 1302 lit·

189 1343 262 1405 teris
284 1352 380 1407 cetera
402 1347 542 1426 deinceps
565 1348 650 1424 signe
671 1345 845 1426 (LXXXV)
868 1345 1083 1406 omitterentur.

273 1449 337 1509 lem
352 1449 482 1510 dubitari
499 1469 560 1510 non
575 1453 688 1527 potest,
711 1449 785 1528 quin
802 1450 1017 1524 Agathemerus
1039 1467 1078 1508 ex
1097 1447 1205 1527 quibus
1226 1447 1262 1507 li-

190 1549 251 1611 bris
269 1553 357 1613 Ponti
380 1573 546 1613 mensuram
572 1551 714 1631 sumpsit,
744 1573 782 1612 ex
802 1551 908 1612 iisdem
930 1549 1088 1612 Maeotidis
1109 1549 1262 1628 receperit,

190 1655 270 1734 qnod
294 1654 374 1714 idom
392 1657 429 1716 ad
447 1656 667 1717 Artemidorum
687 1676 805 1736 quoqne
827 1655 977 1734 pertinere
999 1655 1188 1744 manifestum
1210 1659 1262 1716 est.

188 1757 298 1836 Itaque
315 1757 529 1834 Agathemerus
546 1764 580 1820 ut
603 1759 789 1820 undecimam
811 1759 1040 1836 paragraphum,
1061 1757 1105 1818 ita
1121 1758 1264 1818 decimam

192 1878 231 1918 ex
251 1860 431 1920 Artemidori
453 1861 538 1922 libris
561 1864 676 1936 hausit,
700 1861 887 1942 quiquidem
905 1882 987 1921 suem
1007 1859 1101 1938 ipsius
1118 1869 1148 1921 ct
1165 1861 1264 1920 Maeo-

191 1961 265 2021 tidis
285 1963 323 2041 (E
339 1990 382 2014 =
398 1969 480 2024 9000
497 1966 547 2043 st.)
570 1970 601 2025 et
617 1965 706 2025 Ponti
729 1965 768 2044 ((1
783 1993 827 2018 =
845 1970 949 2026 23000
966 1968 1001 2024 st
1022 1969 1053 2023 et
1067 1964 1166 2042 paullo
1184 1947 1263 2040 plus)

192 2083 358 2124 mensuram
373 2068 453 2143 apud
470 2067 696 2128 Eratosthenem
711 2068 838 2140 Invenit,
860 2068 892 2127 id
911 2069 991 2147 quod
1010 2068 1047 2128 de
1065 2066 1170 2126 ceteris
1188 2065 1264 2125 eius·

193 2168 259 2227 dem
276 2169 453 2246 paragraphi
469 2170 600 2230 numeris
617 2171 671 2250 (A,
694 2169 732 2244 B,
756 2169 794 2244 O,
817 2171 856 2250 D)
880 2171 1058 2230 contendere
1079 2189 1140 2229 non
1161 2171 1264 2229 audeo.

192 2271 240 2328 Ad
261 2269 451 2348 Protagoram
479 2271 572 2350 igitur
599 2273 724 2334 fortasse
750 2272 895 2333 Marciani
921 2293 1057 2333 numeros
1083 2274 1265 2333 revocandos

193 2391 256 2432 esse
272 2373 416 2435 Muellero
435 2376 594 2449 assentior,
625 2378 677 2436 sed
694 2375 886 2451 Agathemeri
911 2394 1062 2436 mensuras
1086 2377 1122 2436 ad
1137 2375 1266 2436 Artemi·

192 2475 296 2534 dorum
318 2477 416 2538 redire
438 2478 512 2539 mihi
534 2497 706 2556 persuasum
728 2483 780 2540 est

279 2583 320 2638 At
333 2581 390 2641 hac
403 2581 436 2642 In
452 2600 485 2641 re
499 2581 531 2641 id
548 2602 640 2643 unum
657 2583 774 2643 obstare
788 2582 922 2656 videtur,
946 2585 1025 2662 quod
1043 2581 1135 2643 Plinii
1152 2582 1267 2643 codices

194 2685 334 2762 quattuor
354 2683 428 2744 locis
450 2684 524 2746 alios
543 2687 685 2766 quosdam
706 2705 844 2746 numeros
860 2687 996 2760 trcdrmt,
1020 2704 1093 2766 quos
1109 2686 1146 2746 de
1160 2685 1267 2747 iisdem

192 2784 361 2845 intervallis
378 2788 583 2848 Artemidorus
606 2788 740 2886 posuisse
765 2789 890 2864 dicitur,
920 2791 958 2849 ad
982 2807 1057 2869 quae
1076 2788 1268 2865 Agathemeri

193 2906 348 2948 mensurae
369 2890 530 2966 pertinent

231 3024 283 3071 AA.
301 3023 365 3071 Plin.
384 3025 427 3085 IV,
448 3027 509 3073 121:
538 3025 652 3089 Europae
675 3028 802 3090 longitudo
821 3027 852 3076 ab
869 3029 943 3077 Herc.
962 3029 1083 3078 columnis
1100 3030 1132 3077 ad
1150 3030 1267 3078 Tanaidis

305 3126 394 3174 ostium
411 3133 469 3176 sunt
483 3113 612 3177 Μ
631 3129 703 3177 XIIII
720 3130 753 3179 II.
771 3145 795 3192 p.
814 3132 859 3192 (=
878 3131 961 3180 65112
973 3134 1022 3193 st).

234 3211 285 3258 BB.
304 3209 368 3260 Pnn.
387 3213 417 3274 V,
435 3215 482 3263 40:
506 3217 605 3264 AIrIcae
622 3215 749 3277 longitudo
767 3227 781 3264 a
798 3217 871 3278 Tingi
889 3217 920 3264 ad
938 3215 1088 3279 Canopicum
1105 3217 1194 3265 ostium
1212 3220 1269 3264 sont

303 3317 392 3365 mooe
417 3318 539 3366 seucum
561 3303 667 3367 ῑκῖῦ.
690 3318 806 3367 xovun
828 3320 862 3367 nr.
880 3334 920 3381 μ,
949 3319 1100 3368 Artemidori
1121 3319 1167 3367 xn
1186 3309 1269 3368 umus

306 3403 350 3463 (ε
368 3403 451 3454 neem
464 3405 515 3466 su).

238 3487 286 3537 00.
305 3488 368 3536 Plio.
388 3489 418 3550 V,
437 3492 485 3538 47:
502 3490 577 3539 Asiae
594 3490 722 3552 longitudo
739 3491 875 3540 aTanaide
892 3492 925 3539 ad
937 3491 1089 3554 Canopicum
1106 3491 1196 3542 ostium
1212 3496 1270 3540 sunt

303 3575 392 3639 ᾗῇ.
411 3575 505 3640 nxx'v
523 3594 555 3641 n.
574 3608 598 3655 p.
618 3593 663 3658 (=
681 3595 765 3644 eroco
777 3596 829 3656 m).

232 3677 288 3724 DD.
306 3678 372 3725 Plin.
391 3677 433 3737 VI,
453 3681 517 3729 207:
546 3680 684 3728 Universos
700 3680 816 3729 circuitus
833 3695 878 3742 per
894 3680 963 3729 sinus
981 3675 1058 3729 dictos
1074 3680 1106 3728 ab
1124 3681 1210 3728 eodem
1228 3695 1269 3729 ex·

307 3765 376 3812 ordio
401 3765 445 3826 (sc.
470 3764 624 3814 adeditano
650 3766 724 3829 freto)
750 3767 843 3828 colligit
859 3767 971 3828 Agrippa
994 3767 1026 3814 ad
1050 3766 1167 3816 Maeotim
1183 3767 1270 3816 'laeum

305 3849 381 3915 effi.
397 3867 445 3915 1111
461 3868 494 3915 n.
513 3883 553 3929 p,
579 3869 749 3918 Ammaous
767 3869 856 3919 miset
873 3868 998 3917 nocnvr
1014 3869 1048 3917 nr
1065 3884 1107 3930 p,
1131 3870 1197 3918 mem
1214 3884 1270 3918 eum

306 3969 428 4018 nascere
446 3953 582 4020 affin?
600 3972 645 4021 xo
663 3969 696 4019 u.
713 3986 738 4032 p.
758 3974 804 4035 (ε
823 3974 924 4023 memo
936 3972 978 4033 st.)
997 3987 1051 4021 aas
1066 3973 1173 4021 esum

199 4071 244 4130 Hi
259 4073 375 4134 numeri
389 4076 525 4154 quamvis
540 4075 652 4138 diversi
669 4076 709 4136 ab
720 4075 760 4136 iis
778 4092 842 4136 esse
857 4075 1029 4150 videantur,
1051 4097 1125 4157 quos
1140 4078 1271 4152 Agathe·

199 4193 313 4237 merum
332 4196 370 4238 ex
386 4178 568 4244 Artemidori
585 4178 671 4240 libris
687 4177 846 4240 contulisse
864 4177 944 4254 dixi,
972 4184 1068 4243 temen
1086 4180 1120 4241 in
1134 4181 1188 4242 ille
1205 4199 1271 4244 sen·
