3014 4732
245 1599 291 1658 De
305 1596 425 1676 Polybii
442 1595 622 1672 geographia
633 1596 670 1655 ab
686 1595 744 1656 alio
760 1595 818 1656 iam
836 1595 956 1654 homine
971 1595 1152 1672 disputatum
1169 1615 1233 1657 esse

162 1721 208 1760 me
229 1721 290 1760 non
305 1699 398 1775 fugit,
420 1717 487 1759 oum
506 1699 539 1757 in
560 1699 696 1758 manibus
719 1697 793 1757 mihi
818 1696 858 1758 sit
881 1697 1062 1771 dissertatio,
1086 1717 1175 1778 quam
1197 1701 1234 1760 de

162 1805 218 1864 hac
242 1823 275 1862 re
306 1803 444 1879 scriptam
469 1801 701 1878 Magdeburgius
726 1787 946 1860 Saxoborussus
970 1801 1057 1860 Halis
1084 1802 1117 1862 in
1138 1803 1235 1864 lucem

162 1907 264 1967 edidit.
308 1903 391 1969 Quae
409 1925 475 1964 oum
492 1905 580 1980 plane
596 1903 633 1962 ab
650 1922 686 1963 ea
701 1903 817 1962 ratione
833 1903 971 1978 discedat,
994 1923 1083 1984 quam
1096 1905 1130 1964 in
1145 1925 1235 1985 quae-

162 2010 258 2070 stione
274 2006 416 2068 eiusmodi
435 2005 658 2083 ingrediendam
678 2023 741 2066 esse
759 2009 840 2082 puto,
863 2005 1000 2085 equidem
1017 2025 1052 2066 ea
1069 2027 1153 2087 quaa,
1175 2011 1236 2070 iam

163 2117 321 2193 antequam
344 2111 478 2171 libellum
499 2110 593 2170 illum
607 2109 826 2186 cognovissem,
856 2108 1032 2185 collegeram
1054 2115 1143 2192 atque
1165 2133 1236 2173 con·

164 2216 361 2297 quisiveram,
378 2214 469 2274 missa
488 2214 586 2273 facere
609 2212 707 2286 nolui,
729 2213 781 2272 sed
798 2213 922 2271 eandem
939 2232 1002 2272 rem
1018 2213 1127 2274 iterum
1143 2235 1236 2295 expo·

164 2339 235 2378 nere
251 2318 325 2378 mihi
341 2317 492 2395 proposui.
536 2314 642 2374 Totum
658 2334 730 2376 vero
750 2315 830 2374 huno
851 2314 949 2374 locum
971 2315 1091 2378 omnino
1114 2319 1237 2396 dignum

165 2441 243 2494 erse,
266 2423 303 2480 ad
326 2439 414 2501 quem
431 2419 530 2480 studia
544 2423 646 2478 nostra
661 2423 880 2490 convertamus,
903 2418 1038 2494 pluribus
1055 2426 1238 2498 argumentis

165 2526 356 2602 comprobare
370 2524 482 2584 omitto.
518 2523 595 2587 Nam
611 2523 668 2582 hoc
684 2521 804 2601 quidem
818 2525 941 2594 constat,
963 2521 1121 2600 Polybium
1137 2526 1236 2604 ipsum

166 2627 260 2685 malta
282 2626 327 2684 de'
341 2625 546 2702 geographicis
565 2626 655 2685 rebus
675 2643 773 2704 neque
794 2629 855 2684 tam
879 2643 914 2684 ea
934 2624 1049 2700 leviter,
1071 2635 1106 2689 ut
1126 2631 1235 2691 cursim

166 2731 282 2788 tantum
304 2727 530 2804 perstringeret,
560 2747 626 2787 oum
648 2727 827 2804 proeliorum
851 2726 1020 2787 discrimina
1042 2729 1092 2788 vel
1112 2731 1236 2793 aliarum

166 2849 265 2890 rerum
280 2829 433 2890 historiam
449 2838 596 2904 narraret,
619 2831 670 2890 sed
685 2835 830 2906 perpetua
845 2835 934 2909 atque
951 2837 1088 2892 mourata
1105 2836 1238 2897 oratione

168 2933 344 3010 explicasse,
367 2933 404 2992 ab
422 2931 488 2993 aliis
503 2938 602 2992 autem
617 2933 650 2992 in
667 2932 866 2993 celeberrimis
882 2952 949 2991 eum
970 2933 1147 2996 Graecorum
1169 2957 1238 3015 geo-

167 3037 288 3113 graphis
301 3041 504 3096 enumeratum
519 3055 592 3096 esse.
636 3035 760 3096 Accedit
777 3038 856 3117 quod
873 3055 938 3095 mea
953 3037 1073 3116 quidem
1091 3043 1240 3104 sententia

166 3142 200 3200 in
221 3141 406 3221 exquirenda
422 3140 600 3220 antiquitate
622 3160 683 3200 non
707 3159 742 3200 ea
761 3141 854 3200 solum
878 3142 1038 3217 spectanda
1056 3147 1139 3217 sunt,
1163 3162 1240 3224 quae

167 3243 289 3302 maximi
311 3243 453 3303 momenti
477 3243 556 3319 apud
575 3247 692 3304 veteres
709 3244 791 3319 ipsos
805 3242 897 3302 luisse
917 3262 1019 3304 omnes
1040 3247 1238 3320 consentiunt,

168 3348 220 3407 sed
246 3366 281 3406 ea
306 3365 440 3427 quoque,
470 3346 578 3426 quibus
601 3346 746 3406 secundus
760 3346 811 3407 vel
832 3344 938 3406 tertius
955 3345 1039 3407 locus
1060 3349 1239 3410 conceditur.

168 3450 287 3508 Etenim
308 3448 421 3520 omnia,
444 3466 521 3527 quae
537 3449 573 3506 de
589 3449 720 3508 moribus
738 3447 847 3510 litteris
862 3448 968 3508 studiis
984 3455 1119 3510 veterum
1135 3453 1172 3511 ad
1187 3472 1240 3530 po·

169 3551 310 3612 steritatis
328 3550 498 3610 memoriam
521 3556 739 3627 pervenerunt,
769 3571 807 3610 ne
830 3555 882 3612 aut
906 3551 1056 3613 oblivione
1079 3555 1242 3615 obruantur

169 3664 221 3714 aut
235 3673 254 3713 a
272 3653 376 3713 studiis
392 3653 508 3713 deserta
527 3653 658 3727 iaceant,
682 3654 845 3714 cavendum
861 3654 949 3714 nobis
966 3659 1020 3715 est
1064 3654 1163 3720 Quare
1180 3676 1242 3716 non

169 3757 280 3817 diutius
305 3756 341 3814 de
364 3755 493 3816 utilitate
518 3758 734 3835 quaerendum
761 3757 799 3816 ad
822 3775 884 3816 rem
901 3757 998 3835 ipsam
1016 3759 1115 3818 statim
1138 3762 1242 3836 aggre-

170 3859 292 3918 diamur.

255 3962 356 4040 Atque
372 3959 404 4019 id
427 3961 546 4040 quidem
568 3966 672 4022 notum
695 3966 754 4036 est,
782 3981 848 4021 cum
873 3963 1050 4040 paucissima
1067 3981 1106 4022 ex
1121 3963 1243 4043 Polybii

170 4062 288 4139 scriptis
304 4064 341 4122 ad
361 4069 491 4124 nostram
510 4065 882 4143 memoriam-pervenisse,
904 4071 968 4126 tum
983 4085 1105 4144 parvam
1123 4071 1240 4128 tantum

169 4171 283 4244 partem
309 4165 373 4226 eius
399 4165 469 4226 libri
497 4173 624 4230 aetatem
651 4169 771 4243 tulisse,
804 4188 862 4250 quo
888 4173 985 4230 tarrae
1012 4169 1241 4246 descriptionem

222 4262 316 4313 Schmidt,
329 4265 354 4306 ds
366 4265 445 4313 Polym
457 4267 583 4315 geographia.
1023 4275 1037 4330 1
