3014 4732
728 265 747 332 1

201 418 249 479 dia
270 421 428 480 1101011101·
445 415 506 494 (β),
528 419 654 480 fortasse
679 439 741 478 non
760 418 907 494 integram
924 417 1078 480 Strabonis
1100 417 1277 480 sententiam

202 541 388 596 oonservere,
419 543 485 582 eum
504 523 691 599 excerpentis
714 522 864 612 cuiusdam
879 523 978 582 studio
1003 523 1040 580 ad
1063 526 1194 582 nostram
1216 541 1276 583 me·

201 625 324 684 moriam
340 625 541 702 pervenerint.
585 626 724 706 Denique
743 644 910 698 numerum,
935 645 1023 704 quem
1046 629 1103 683 180
1122 623 1216 690 stadia
1231 628 1278 684 ter

200 727 397 803 multiplieeta
417 727 552 788 effitiunt
569 725 621 802 (β),
644 733 724 788 10010
740 747 758 786 a
773 747 820 786 me
836 747 897 786 non
914 728 950 786 ad
969 731 1064 786 totum
1086 726 1166 785 inter
1184 727 1276 803 Apol-

199 828 309 889 loniam
335 834 365 890 et
379 829 556 908 Byzantium
578 829 784 903 intervallum,
808 831 859 888 sed
882 830 918 888 ad
936 847 1001 887 eam
1023 833 1140 888 tantum
1162 832 1276 904 partem

199 935 369 991 revocatum
387 951 466 1005 esse,
490 951 566 1011 quae
584 934 620 990 ab
639 931 800 1007 Apollonia
823 931 860 989 ad
876 930 1002 1008 Cypsela
1025 929 1169 1006 pertinet,
1192 935 1278 990 etex

199 1033 273 1110 ipsis
299 1033 428 1092 numeris
457 1031 554 1094 elueet
582 1037 612 1092 et
640 1052 695 1109 per
719 1051 750 1092 se
774 1031 1021 1094 verisimillimum
1045 1036 1104 1105 est,
1137 1031 1278 1112 quoniam

200 1134 327 1210 Egnatia
356 1136 421 1209 via,
456 1155 545 1216 quam
572 1135 633 1194 illis
661 1135 835 1211 regionibus
864 1134 954 1194 solam
986 1134 1111 1194 Romani
1141 1135 1277 1211 passibus

201 1237 314 1302 emensi
340 1245 422 1312 sunt,
451 1257 490 1298 ne
513 1237 668 1298 Strabonis
694 1240 814 1318 quidem
836 1238 1020 1314 temporibus
1044 1240 1083 1314 (p.
1103 1237 1177 1314 322)
1198 1237 1277 1296 ultra
1401 1277 1404 1284 -

200 1339 327 1420 Cypsela
357 1340 473 1400 munita
503 1345 573 1400 erat.
629 1344 673 1400 Ao
704 1359 742 1399 ne
772 1340 917 1412 dieamus,
951 1357 1090 1400 numeros
1123 1339 1175 1418 qui
1206 1344 1276 1399 sunt

198 1497 305 1578 4458&
320 1442 388 1627 [π
400 1493 525 1571 (585><
536 1493 567 1570 8)
579 1495 620 1567 -1-
635 1440 721 1624 {3—5]
738 1498 768 1552 et
781 1497 862 1551 2225
877 1439 1078 1624 [=(a67><
1089 1493 1121 1570 8)
1132 1497 1173 1568 -Ι-
1186 1439 1274 1623 ξ]

195 1656 257 1710 tem
281 1648 418 1708 distinete
437 1647 473 1705 ad
489 1647 605 1723 singula
624 1647 718 1706 stadia
736 1646 873 1706 definitos
890 1664 968 1719 esse,
991 1650 1025 1704 ut
1039 1645 1165 1724 Polybio
1182 1645 1275 1707 tribui

195 1749 410 1827 nonpossint,
439 1749 512 1808 illud
531 1769 586 1809 nos
604 1749 791 1825 prohibebit,
822 1749 901 1828 quod
922 1768 983 1807 non
1006 1753 1121 1808 00110101
1143 1748 1273 1822 omnino,

197 1852 358 1930 Polybium
379 1853 412 1909 in
429 1851 515 1912 libris
532 1852 593 1912 suis
618 1853 672 1910 has
693 1851 773 1927 ipsas
791 1869 931 1927 passuum
953 1871 1105 1910 mensuras
1123 1852 1159 1910 ad
1180 1851 1275 1912 stadia

196 1973 359 2014 revocasse.
402 1954 489 2014 Hane
506 1974 578 2014 vero
597 1953 775 2013 sententiam
794 1954 819 2011 si
843 1953 909 2033 quis
925 1954 1078 2028 defendet,
1100 1959 1163 2014 tum
1179 1972 1275 2031 panea

197 2056 321 2116 forsitan
337 2055 431 2115 stadia
448 2057 607 2136 Polybium
622 2061 674 2116 aut
691 2055 837 2116 addidisse
856 2056 952 2134 (4460
971 2061 1001 2116 et
1019 2056 1114 2135 2230)
1132 2062 1184 2116 aut
1204 2058 1272 2117 snb·

143 2187 147 2190 ·
196 2158 323 2218 traxisse
345 2159 441 2235 (4450
461 2159 605 2236 012220)
627 2160 745 2218 eredas
780 2161 825 2218 Ao
843 2159 989 2218 rationem
1013 2179 1101 2240 quam
1116 2159 1195 2219 inter
1214 2162 1271 2218 sta·

196 2263 244 2323 dia
262 2268 293 2320 et
307 2280 412 2337 passus
425 2261 608 2320 intercedere
626 2260 753 2334 tensuit,
777 2260 802 2318 si
826 2280 888 2320 uon
910 2261 967 2320 1100
983 2261 1062 2336 1000,
1086 2267 1118 2330 at
1131 2265 1210 2320 oerte
1225 2261 1271 2326 in·

193 2364 247 2424 itio
271 2363 341 2422 libri
364 2363 507 2423 tricesimi
530 2364 626 2443 quarti
646 2362 833 2440 explanarit,
856 2362 923 2436 ubi,
946 2369 1104 2443 antequam
1124 2365 1161 2422 ad
1176 2363 1272 2440 ipsam

195 2466 406 2542 geographiam
428 2466 596 2539 aroederet,
619 2466 771 2542 eomplura
792 2465 889 2542 (velut
909 2467 945 2524 de
968 2467 1064 2544 zonis)
1086 2467 1271 2543 praemisisse

194 2569 325 2642 videtur,
359 2588 418 2648 quo
446 2567 576 2643 singula,
610 2585 686 2648 quae
713 2567 962 2647 insequebantur,
994 2568 1111 2630 faeilius
1134 2568 1270 2646 intellegi

194 2675 324 2746 possent.

278 2773 337 2835 Sed
360 2771 486 2852 quaein
503 2772 592 2848 tertio
609 2771 729 2850 Polybii
745 2771 822 2832 libro
841 2778 881 2851 ty)
898 2772 1069 2848 traduntur,
1091 2771 1271 2849 interpolata

194 2894 258 2936 essa
273 2875 414 2952 suspicor.
457 2876 534 2936 Nam
549 2895 610 2937 11011
625 2875 720 2939 solum
737 2877 774 2935 ab
788 2895 823 2935 ea
838 2875 986 2938 sententia
1001 2876 1163 2950 diseedunt,
1180 2896 1269 2956 quem

190 2978 298 3051 Strabo
315 2979 430 3043 duobus
445 2977 519 3038 loeis
539 2978 684 3056 prodidit,
707 2981 758 3038 sed
776 2979 864 3040 etiam
882 2998 936 3056 per
954 2998 985 3038 se
1001 2980 1038 3038 ob
1055 2980 1144 3042 haeae
1166 2997 1269 3042 oausas

191 3101 252 3140 non
268 3085 338 3141 sunt
351 3082 511 3157 probanda
554 3081 687 3140 Primum
702 3085 766 3142 1010
780 3081 832 3142 illo
850 3082 947 3160 eapite
965 3081 1036 3159 (ΠΙ,
1054 3082 1107 3160 39)
1123 3082 1267 3160 Polybius

192 3185 229 3242 de
251 3183 290 3247 iis
313 3183 478 3244 intervallis
503 3183 577 3258 egit,
610 3203 735 3262 qnorum
762 3185 893 3245 omnium
915 3184 1070 3260 longitudo
1092 3183 1228 3262 passibus
1249 3203 1268 3243 n

192 3286 334 3346 Romanis
352 3285 474 3346 definita
490 3291 567 3358 erat,
590 3305 681 3366 quare
703 3287 809 3347 mirum
826 3293 885 3361 est,
909 3308 960 3348 our
978 3308 1039 3348 non
1054 3287 1141 3348 initio
1162 3287 1266 3364 eapitis

192 3393 244 3448 aut
265 3373 301 3448 in
316 3387 375 3446 fine
395 3388 490 3448 stadia
512 3407 578 3448 oum
601 3389 738 3466 passibus
762 3390 991 3468 comparaverit,
1013 3391 1118 3452 sedin
1140 3391 1266 3452 mediam

193 3489 409 3568 expositionem
430 3492 505 3550 haee
524 3490 656 3551 inserere
674 3491 819 3553 maluerit.
862 3492 978 3554 Deinde
995 3512 1134 3554 numeros
1154 3493 1188 3555 in
1208 3495 1266 3554 1100

192 3593 288 3670 eapite
310 3593 429 3652 omnino
453 3612 515 3651 non
537 3594 717 3668 consentire,
746 3595 789 3654 ita
813 3600 847 3655 ut
863 3595 1025 3656 fenestram
1046 3596 1143 3656 inesse
1158 3600 1265 3672 putan-

191 3697 261 3756 dum
276 3695 329 3770 sit,
350 3695 430 3754 intra
447 3697 662 3756 demonstrabo.
706 3698 860 3758 Postremo
878 3699 928 3759 vie
944 3699 1088 3772 Domitia,
1111 3717 1200 3778 quam
1218 3719 1264 3769 so-

190 3799 249 3858 lam
265 3797 450 3878 quodetiam
466 3799 499 3858 in
515 3798 576 3858 illis
590 3799 761 3876 regionibus
778 3800 905 3860 Romani
920 3805 1096 3873 sueverunt,
1118 3820 1180 3860 non
1194 3809 1264 3864 ante

192 3919 301 3960 annum
323 3905 380 3960 120
403 3919 429 3960 a.
446 3901 513 3962 ern.
530 3921 559 3960 n.
583 3905 717 3978 patebat,
741 3905 793 3963 sed
814 3911 917 3982 postea
942 3904 1056 3963 munita
1077 3907 1129 3966 est.
1174 3904 1263 3984 Poly·

190 4002 258 4064 bius
271 4009 370 4064 autem
392 4023 459 4064 aum
479 4005 537 4066 hoe
553 4023 631 4065 anno
648 4005 707 4066 iam
731 4026 901 4084 supremum
918 4007 995 4067 diem
1018 4005 1140 4066 obiisset
1161 4006 1205 4066 nil
1225 4008 1262 4068 de
