3014 4732
709 312 733 380 ὅ

184 474 451 554 anniquepertem
475 469 696 547 significandam
719 425 840 544 (555551
861 468 914 541 IV,
926 469 981 541 37,
1002 467 1029 527 7.
1059 467 1123 539 ΠΙ,
1148 467 1204 539 m,
1229 471 1257 525 2.

185 578 220 650 V,
240 581 335 655 olsq.
364 574 421 648 IX,
443 579 489 646 15,
509 579 536 632 2.
582 568 728 646 ἰσημερίαι
749 571 802 644 IV,
821 573 870 644 37,
886 576 914 630 3.
944 567 1126 643 ΙΧ,15,2)
1148 573 1200 628 551
1221 569 1259 628 ed
1364 564 1369 574 ’

135 676 139 694 ’
183 679 267 739 varie
290 677 414 737 orientis
438 675 657 754 oooidentisque
676 673 742 734 looe
762 673 943 748 designanda
963 658 1134 750 (χειμεριναὶ
1152 664 1259 730 55555-

184 779 231 840 151
253 781 289 853 V,
307 785 362 852 22,
382 784 410 838 3.
453 797 525 854 χειμ.
545 771 644 845 δύσεις
665 776 717 849 IV,
738 775 785 848 77,
808 781 834 835 8.
863 777 922 848 III,
937 777 987 848 47,
1005 779 1033 835 2.
1063 775 1126 848 XI,
1152 779 1206 848 16,
1231 779 1259 837 5.

184 884 248 956 ΙΙΙ,
276 884 324 955 37,
350 885 376 940 5.
421 871 528 958 esoces}
553 871 683 953 ἆνατολή
704 877 852 950 XXXIV,
876 879 902 950 7,
926 882 954 936 9.
999 870 1152 954 ἰσημερινή
1174 871 1280 935 duum

186 985 334 1057 XXXIV,
352 984 379 1056 7,
406 987 451 1043 10.
497 977 575 1056 ἰσημ.
602 973 686 1048 δύσις
707 980 855 1052 XXXIV,
882 980 909 1053 7,
930 984 957 1038 9.
1001 975 1081 1054 ἶσημ.
1102 973 1260 1058 5555555551

185 1089 245 1160 ΠΙ,
269 1087 316 1158 37,
337 1083 376 1161 5).
420 1085 512 1144 Plura
528 1083 656 1162 denique
672 1084 708 1141 de
724 1083 796 1142 loeis
814 1088 844 1142 et
858 1082 1049 1159 temporibus,
1073 1083 1181 1162 quibus
1200 1085 1260 1143 sin·

188 1189 265 1267 gulis
284 1189 387 1248 diebus
408 1195 439 1248 et
453 1187 498 1247 sol
515 1193 545 1248 et
560 1187 631 1245 lune
648 1184 760 1245 oeelum
777 1185 938 1260 percurrit,
960 1184 993 1244 in
1014 1185 1091 1245 libro
1106 1204 1185 1245 nono
1208 1205 1260 1245 ex-

188 1291 300 1369 posuit,
322 1309 399 1370 quee
416 1308 482 1352 oum
501 1290 540 1370 ed
558 1287 790 1363 eognosoendem
807 1269 927 1364 Polybii
948 1286 995 1346 hie
1012 1287 1045 1346 in
1061 1289 1150 1348 rebus
1171 1290 1262 1350 ratio-

187 1413 256 1454 nem
276 1392 428 1469 aptissime
449 1411 513 1452 esse
535 1390 663 1449 arbitrer
683 1388 743 1447 iam
763 1393 898 1464 repetere
918 1387 1015 1448 lioeet

272 1495 396 1554 Lineam
419 1493 512 1569 igitur
529 1491 695 1567 eclipticam
717 1490 750 1549 15
774 1491 926 1550 duodecim
945 1495 1044 1567 portes
1059 1491 1166 1566 dividi,
1189 1514 1261 1574 que-

187 1619 253 1660 rum
278 1618 332 1658 suo
355 1613 491 1675 quaeque
516 1593 611 1654 sidere
635 1592 802 1668 significata
818 1595 901 1652 'esset
923 1586 1053 1669 (luidone
1077 1587 1182 1676 ζῴδιαε
1205 1598 1263 1672 IX,

191 1706 239 1774 15,
263 1700 295 1777 8)
313 1696 462 1775 ‘Polybius
483 1695 612 1756 tradidit
655 1695 779 1754 Dierum
796 1700 895 1754 autem
916 1695 1107 1775 noctiumque
1132 1698 1262 1776 longitu-

190 1805 288 1874 dines,
311 1819 384 1880 quas
399 1798 495 1859 varies
515 1816 578 1858 esse
597 1797 705 1858 cotidie
726 1797 1001 1871 animadvertimus,
1024 1816 1064 1858 ex
1087 1799 1158 1860 solis
1177 1820 1265 1863 eursu

188 1904 330 1964 facillime
340 1903 377 1960 eb
388 1919 423 1960 eo
434 1900 662 1977 perspiciuntur,
680 1900 727 1958 oui
744 1899 841 1958 animo
858 1901 1103 1975 comprehensum
1119 1910 1173 1977 est,
1191 1905 1264 1984 quid

191 2005 249 2066 sibi
257 2005 351 2066 velint
362 2003 550 2083 aequinoctia
562 2002 613 2063 vel
627 2001 797 2062 autumnale
807 2001 857 2062 vel
870 2021 1002 2076 vernum,
1023 2004 1094 2084 quid
1111 2006 1182 2066 solis
1195 2027 1264 2066 oon·

190 2108 341 2170 versiones
351 2108 400 2167 vel
410 2106 583 2167 aestivavel
597 2105 736 2166 hiberna:
759 2123 827 2164 nem
841 2103 920 2164 inter
935 2106 1009 2166 heeo
1025 2106 1120 2182 spatie
1136 2109 1198 2169 dies
1215 2111 1264 2170 de·

92 2240 101 2260 ·
191 2210 283 2270 finitis
299 2209 463 2270 rationibus
477 2214 508 2270 51
521 2208 667 2266 mensuris
681 2212 817 2267 oresount
831 2208 1064 2288 minuunturque
1080 2207 1148 2285 (IX,
1164 2216 1211 2286 15,
1225 2211 1265 2291 2).

189 2315 347 2374 Praeterea
359 2331 420 2371 555
434 2310 529 2371 solum
543 2310 609 2386 ipse
620 2309 673 2370 ille
684 2309 763 2370 inter
778 2329 809 2368 se
821 2310 905 2369 veria
917 2310 1031 2369 dierum
1045 2312 1142 2386 spatie
1156 2320 1267 2394 quanta

190 2418 264 2490 sint,
288 2435 327 2474 ex
342 2415 403 2474 sole
420 2414 558 2490 ooguosoi
575 2418 688 2489 potest,
712 2413 763 2472 sed
782 2412 871 2472 etiem
888 2417 962 2491 quot
979 2414 1122 2494 uniusque
1139 2417 1188 2478 vel
1206 2419 1266 2479 diei

190 2519 240 2580 vel
262 2517 358 2578 noetis
383 2517 475 2576 horae
497 2515 721 2593 praeterierint,
752 2515 887 2595 quolibet
906 2521 1039 2591 tempore
1063 2537 1124 2578 non
1142 2519 1265 2593 difficile

192 2627 237 2682 est
254 2619 416 2680 intellectu
460 2621 536 2679 Nem
557 2619 616 2678 diei
638 2617 754 2698 relique
776 2637 845 2694 pers
866 2618 916 2680 vel
939 2637 979 2678 ex
996 2620 1117 2680 umbrae
1136 2621 1265 2698 longitu-

192 2723 260 2782 dine
279 2728 404 2799 apparet
419 2722 469 2784 vel
484 2740 523 2780 ex
542 2740 579 2782 eo
602 2720 677 2780 55511
693 2720 803 2796 spatio,
827 2721 906 2800 quod
924 2720 984 2778 iem
1002 2739 1139 2782 emensus
1155 2724 1199 2784 sol
1216 2729 1267 2785 eut

193 2826 231 2884 ed
254 2844 399 2885 summum
420 2823 538 2883 itineris
559 2823 701 2884 vertioem
724 2822 945 2901 appropinquet
963 2828 1014 2882 eut
1030 2824 1068 2882 ed
1087 2824 1178 2884 finem
1194 2827 1267 2889 ooli-

194 2928 297 2988 dienee
314 2926 381 2988 viee
399 2927 553 2988 deseendit
572 2927 641 3005 (IX,
668 2930 714 2999 15,
738 2926 779 3001 6).
822 2925 880 2984 Sed
896 2927 953 2986 hoo
970 2918 1035 2986 loeo
1053 2927 1196 3004 Polybius
1212 2929 1268 2990 mi·

193 3051 258 3092 rum
280 3035 424 3110 quantum
450 3049 560 3090 evoro
590 3028 747 3088 aberravit
797 3028 875 3088 Nam
903 3047 970 3088 oum
999 3034 1101 3089 nostes
1130 3029 1210 3091 inter
1235 3051 1267 3094 se

193 3254 372 3315 unaquaque
395 3252 450 3294 sex
470 3234 589 3295 illorum
611 3234 740 3292 siderum
758 3233 829 3292 oriri
850 3233 994 3307 solerent,
1017 3253 1071 3311 per
1087 3255 1117 3294 55
1133 3235 1268 3312 intellegi

194 3357 280 3416 posse
299 3336 391 3410 dixit,
414 3342 494 3396 oerte
515 3337 642 3417 quedem
659 3335 755 3396 noetis
771 3339 856 3412 perte
874 3337 1034 3412 praeterita
1051 3338 1174 3398 eandem
1192 3358 1268 3400 sem·

196 3459 249 3517 per
264 3439 377 3500 zodiaoi
394 3446 508 3516 partem
524 3440 630 3498 debere
649 3438 681 3496 in
698 3438 790 3498 altero
814 3438 888 3506 55511
906 3437 999 3499 151555
1023 3445 1117 3500 ortem
1135 3459 1214 3515 esse,
1236 3441 1269 3502 15

195 3541 288 3602 511555
306 3541 447 3602 oooidisse
469 3541 544 3618 (IX,
570 3546 623 3614 15,
649 3541 687 3619 8).
732 3545 774 3600 At
797 3540 822 3599 si
848 3547 962 3615 nootes,
996 3546 1028 3602 51
1051 3541 1094 3602 511
1116 3544 1269 3623 Polybius,

194 3643 278 3706 varie
302 3649 371 3704 sunt
387 3644 587 3720 longitudine,
611 3662 798 3722 nequequam
816 3662 870 3702 sex
894 3643 1008 3703 zodiaoi
1030 3645 1126 3706 sidera
1143 3645 1176 3706 in
1197 3665 1270 3706 555-

196 3765 315 3828 queque
336 3746 485 3819 oriuntur,
515 3765 640 3826 quorum
662 3766 728 3805 oum
749 3745 830 3806 eliud
855 3748 968 3806 duabus
992 3747 1074 3807 horis
1101 3753 1171 3824 post
1190 3749 1271 3810 aliud

197 3854 378 3925 emergatur,
408 3849 570 3925 imparibus
590 3849 727 3908 55511555
748 3848 876 3925 imperes
902 3850 1014 3910 zodiaoi
1039 3855 1138 3926 partes
1159 3850 1272 3912 exoriri

198 3970 318 4012 neeesse
332 3957 391 4022 est;
422 3952 469 4010 sin
485 3970 556 4012 vero
571 3971 626 4011 sex
642 3951 791 4024 oriuntur,
814 3957 878 4012 turn
900 3969 1002 4011 omnes
1025 3959 1127 4012 noetes
1143 3953 1223 4013 inter
1240 3973 1271 4016 55

198 4071 285 4130 pares
299 4053 457 4128 effluimus,
480 4053 591 4133 quippe
607 4072 731 4133 querum
746 4053 927 4129 singularum
945 4053 1100 4128 longitudo
1119 4056 1273 4118 duodecim

198 4156 337 4216 horarum
360 4157 488 4235 spatium
514 4156 668 4234 compleat.
714 4155 797 4220 (1555
819 4157 925 4216 deinde
948 4157 1027 4232 opud
1047 4157 1207 4236 Polybium
1227 4178 1273 4220 55

1027 4263 1069 4318 l*
