3014 4732
771 307 811 376 12

254 459 335 522 linea
356 462 418 524 sint
433 467 646 540 geometrarum
660 484 741 525 more
764 461 873 541 (μέσος)
892 465 1065 527 illustretur.
1110 464 1208 529 Quare
1229 470 1326 541 ueta

255 569 286 624 et
302 586 314 624 ι
332 585 523 645 quamquam,
544 567 617 646 (nisi
634 567 739 628 Strabo
754 587 892 628 numeros
909 569 1052 647 corrupit)
1075 568 1172 627 minus
1193 572 1327 628 accurate

255 667 415 746 aPclybio
438 668 535 744 posita
552 689 616 730 esse
638 669 840 731 arbitrandum
865 675 910 731 est
933 676 1022 751 atque
1042 671 1088 730 illi
1112 673 1148 730 de
1170 671 1246 730 mala
1267 689 1328 730 rne-

255 771 351 832 tiendi
374 771 488 832 ratione
512 773 678 833 sententiae
696 774 871 834 documento
893 779 978 847 sunt,
1007 773 1118 834 ideirco
1139 778 1239 834 tamen
1260 793 1328 834 con·

255 873 398 936 iacturam
420 893 514 934 meam
535 895 595 935 non
616 875 732 936 irritam
753 877 850 936 fecere
871 878 1024 937 contendo.

341 979 447 1038 Restat
464 981 503 1050 a,
532 977 565 1037 in
591 998 649 1058 quc
672 979 815 1056 Polybius
840 978 912 1057 (nisi
928 979 1102 1040 Strabonem
1126 979 1203 1039 siout
1220 977 1252 1038 in
1273 997 1328 1038 nu·

256 1099 335 1140 mero
354 1102 365 1140 ι
388 1079 595 1156 indiligentiae
617 1100 752 1142 accusare
771 1082 927 1158 malumus)
950 1084 987 1142 ob
1006 1084 1129 1142 eandem
1145 1101 1261 1141 causam
1283 1100 1329 1142 er·

255 1201 335 1243 rasse
352 1182 482 1256 videtur,
506 1203 581 1262 quae
601 1182 719 1260 saepius
735 1185 919 1260 deprehendi
940 1189 1046 1262 potest.
1089 1183 1164 1244 Nam
1186 1185 1241 1244 hoo
1264 1183 1329 1262 qui·

257 1287 324 1346 dem
348 1286 459 1360 elucet,
487 1285 547 1346 iam
570 1308 590 1345 α
609 1285 678 1364 0οβ
701 1292 731 1348 et
756 1308 774 1366 γ
796 1293 827 1347 ct
850 1285 868 1346 d
890 1287 945 1368 (=
961 1292 1042 1347 8800
1058 1287 1122 1368 st),
1151 1287 1267 1347 etiamsi
1287 1287 1329 1348 ita

257 1408 506 1463 consummamus,
527 1369 630 1448 atille
652 1395 712 1450 600
729 1389 825 1450 stadia
849 1410 866 1449 a
889 1409 936 1449 me
953 1390 1054 1450 addita
1077 1388 1264 1463 omittantur,
1286 1393 1330 1448 ta·

257 1511 326 1552 men
348 1490 415 1568 ipsa
438 1492 578 1552 maiorem
601 1511 743 1552 summam
768 1493 901 1566 efficere,
923 1513 1010 1572 quam
1029 1511 1185 1570 quaecum
1207 1511 1329 1552 numero

257 1598 283 1652 0
301 1595 475 1656 consentiet.
518 1594 594 1655 Sunt
615 1599 713 1656 antem
729 1599 754 1654 θ
769 1599 824 1655 etr
849 1601 951 1655 contra
968 1596 1193 1655 Eratosthenem
1208 1615 1225 1654 a
1242 1595 1329 1672 Poly·

194 1709 198 1719 '
258 1697 307 1757 bio
326 1697 423 1774 posita
447 1697 516 1774 (Str.
537 1698 609 1777 106)
635 1703 665 1758 et
683 1717 700 1757 a
715 1696 821 1757 ceteris
837 1698 982 1772 numeris,
1014 1717 1087 1777 qnos
1102 1697 1175 1757 alibi
1195 1697 1326 1756 enuntia·

257 1801 315 1876 vit,
344 1806 501 1879 propterea
518 1800 701 1877 discrepant,
730 1802 809 1880 quod
832 1819 983 1876 nunquam
1006 1799 1166 1860 intervalla
1183 1819 1235 1859 sua
1254 1818 1327 1858 com·

258 1904 377 1981 paravit
392 1909 423 1965 et
440 1924 499 1964 uno
522 1910 643 1980 aspectu
665 1906 880 1981 contemplatus
905 1907 957 1962 est
1002 1902 1041 1962 Et
1057 1907 1136 1962 certe
1158 1903 1246 1962 multi
1267 1902 1330 1962 eius

259 2027 372 2068 errores
395 2007 465 2067 inde
483 2006 580 2066 exorti
597 2011 682 2077 sunt,
705 2005 833 2084 quadiu
854 2005 1058 2082 geographicis
1074 2005 1264 2082 opinionibus
1281 2025 1332 2065 ex-

259 2111 416 2187 planandis
431 2130 490 2170 ncn
505 2109 537 2169 id
554 2109 622 2185 egit,
640 2115 673 2168 ut
688 2107 798 2168 πίνακα
814 2101 1021 2188 γεωγραφικόν
1036 2110 1129 2169 oculis
1144 2113 1330 2186 proponeret,

259 2215 311 2274 sed
329 2213 429 2274 verbis
446 2217 563 2273 tantum
579 2232 612 2272 ao
629 2211 760 2271 numeris
775 2214 919 2272 terrarum
935 2214 1035 2272 orbem
1052 2211 1238 2272 describeret.

343 2318 408 2376 Iam
426 2315 452 2375 si
468 2315 534 2395 quis
550 2320 687 2394 quaerat,
708 2315 789 2374 unde
806 2314 949 2391 Polybius
966 2316 1019 2374 has
1033 2313 1199 2391 Hispaniae
1214 2333 1347 2374 mensu-1

259 2439 307 2479 ras
323 2419 497 2497 sumpserit,
520 2439 579 2480 nou
598 2438 637 2478 ex
659 2418 717 2478 alio
733 2419 816 2478 fonte
836 2437 903 2478 sum
926 2418 1058 2479 hausisse
1076 2424 1163 2495 puto,
1185 2437 1273 2498 quam
1294 2434 1333 2476 cx

258 2520 432 2598 itineribus,
454 2541 530 2604 qnae
550 2521 631 2583 fecit.
675 2521 732 2582 Sed
754 2522 791 2581 de
813 2521 860 2581 bis
882 2525 992 2599 postea.

764 2726 832 2806 §a

344 2868 408 2926 Iam
425 2865 462 2925 ad
477 2864 636 2925 intervalla
652 2863 793 2923 Italiae
815 2867 852 2923 et
874 2861 1036 2924 Siciliae
1058 2866 1185 2934 transeo,
1208 2879 1333 2942 quorum

263 2968 417 3029 duodecim
438 2968 471 3027 in
492 2967 626 3047 reliquiis
648 2971 760 3027 extant.

262 3138 285 3174 α.
304 3122 406 3184 Alpium
441 3121 583 3182 longitudo:
940 3114 983 3170 ἐπὶ
1001 3119 1068 3167 2200
1080 3071 1125 3196 st}
1145 3065 1198 3198 ἒξ
1210 3065 1333 3200 1210914’&

263 3243 286 3311 β.
305 3242 429 3304 Apennini
500 3273 515 3301 „
577 3237 700 3288 aroenae
712 3239 851 3300 regionem:
941 3234 983 3290 tat
1000 3237 1101 3296 0000,
1145 3237 1198 3286 Pol.
1217 3237 1249 3295 11,
1268 3238 1308 3297 14,

262 3345 285 3394 γ.
303 3331 326 3376 A
339 3327 403 3376 Sena
415 3326 505 3389 oppido
583 3359 599 3386 „
617 3325 711 3372 Adriat.
724 3327 800 3374 maris
811 3325 903 3374 sinum:
923 3319 985 3389 tinio
999 3326 1066 3374 2000
1085 3357 1100 3384 ,,
1183 3325 1214 3372 10
1227 3337 1265 3384 eq.

262 3417 285 3466 δ.
306 3448 321 3475 ,,
339 3414 442 3476 Iapygia
584 3444 600 3470 „
619 3409 709 3460 Senam
720 3411 820 3459 urbem:
848 3413 897 3460 002
919 3407 990 3475 pllio
1014 3411 1066 3472 (vel

912 3541 918 3546 .
981 3498 1067 3564 resep
1084 3497 1111 3555 ‚,)

263 3599 282 3636 ε.
306 3619 321 3645 ,,
340 3583 405 3633 Sena
421 3585 482 3632 urbe
586 3583 758 3643 „Aquileiam
783 3582 883 3630 urbem:
929 3583 976 3631 1¹18
996 3579 1066 3645 μίλια

912 3669 965 3730 (vel
912 3669 1111 3735 (1483ᾗῇ

264 3757 284 3818 ζ.
304 3789 320 3817 ,,
338 3755 420 3806 Siculo
438 3757 501 3805 freto
586 3789 602 3815 ‚,
621 3756 755 3804 Tarentum
771 3748 925 3819 altopullo:
946 3747 1066 3804 aleriam

964 3829 1093 3901 η2000,

262 3943 288 3991 η.
308 3961 323 3987 ,,
340 3928 443 3990 Iapygia
586 3961 601 3986 „
620 3925 667 3974 Sic.
681 3925 736 3973 fret.
772 3960 788 3985 „
841 3959 856 3985 „
950 3921 1101 3990 ᾖε,0000

264 4011 288 4063 S.
307 4047 322 4073 „
340 4013 443 4075 Iapygia
585 4046 601 4072 „
620 4011 667 4060 Sic.
681 4011 736 4058 fret.
754 3939 921 4062 πλέονταπ
1003 4011 1094 4067 2500,

264 4115 280 4150 ι.
307 4134 322 4160 ,,
341 4099 388 4148 Sic.
406 4100 468 4147 freto
587 4133 601 4158 „
620 4097 748 4146 Lacinium
765 4097 972 4158 promontorium:
1002 4096 1102 4152 1300,

263 4201 287 4236 ra
305 4221 321 4247 „
339 4186 396 4235 baa
414 4189 537 4250 promont.
585 4219 600 4245 „
618 4184 735 4248 Iapygiae
748 4197 840 4246 prom:
865 4197 892 4235 ro
884 4177 1002 4247 δίαρμα
1020 4181 1069 4230 100
1088 4213 1103 4240 ,,

1147 3546 1195 3594 Str.
1215 3547 1273 3595 285.

1095 3779 1316 3901 ‘raanan

1087 3940 1196 4071 Ἴδη*
1164 3973 1272 4020 0211.

1148 4143 1195 4193 Str.
1215 4146 1273 4194 201
1331 4185 1333 4192 .
