3014 4732
548 1253 913 1352 PllllSllS.

229 1662 255 1717 l.
277 1655 435 1734 Polybii
456 1657 509 1716 ille
535 1657 571 1714 de
590 1654 709 1715 Timaeo
725 1657 829 1728 verba,
851 1673 926 1734 quoe
948 1654 980 1713 in
998 1652 1192 1714 Peiresoianis
1214 1670 1266 1710 ex-

284 1775 391 1851 oerptis
414 1776 489 1855 (Pol.
506 1775 578 1846 XII,
602 1776 653 1852 25)
677 1775 781 1834 mutila
802 1779 928 1847 restant,
950 1773 1128 1833 dissentiens
1143 1793 1161 1832 a
1175 1773 1266 1830 Bern-

280 1892 391 1971 hardyo
407 1894 644 1971 (Eratosthenioa
662 1914 691 1970 p.
708 1896 762 1972 69)
783 1894 826 1953 ito
842 1895 974 1971 suppleo,
995 1898 1030 1953 ut
1047 1893 1101 1973 γῆς
1117 1897 1148 1952 ot
1165 1889 1265 1951 οἰκου-

284 2008 371 2090 μένης
392 2014 570 2075 discriminis
591 2014 771 2073 mentionem
794 2015 906 2072 eddam.
946 2043 949 2052 ·

227 2137 255 2190 2.
276 2133 456 2211 Polybius
479 2152 672 2225 quaeeunque
689 2134 725 2192 de
741 2118 919 2210 geographie
943 2132 1062 2210 scripsit
1075 2130 1265 2192 historiarum

277 2251 362 2313 libris
384 2253 526 2326 inseruit;
557 2271 654 2330 neque
676 2252 768 2326 igitur
794 2251 927 2332 ‘Africae
951 2251 1102 2331 perrplum’
1134 2251 1266 2330 (Magdo-

278 2373 361 2446 burg,
384 2375 420 2432 de
435 2371 553 2449 Polybii
569 2372 748 2448 geographia
766 2392 794 2448 p.
811 2373 842 2448 4)
862 2390 959 2450 neque
976 2369 1097 2447 ‘drdtlov
1113 2363 1130 2430 d
1146 2367 1265 2450 ἐπιγρα·

280 2483 343 2566 φήν
361 2488 417 2568 ἔχει
434 2487 501 2568 περὶ
518 2491 571 2568 τῆς
586 2486 653 2568 περὶ
670 2482 722 2550 τόν
740 2484 908 2569 ἰσημερινόν
927 2483 1080 2567 οἶκήσεως’
1100 2489 1263 2570 (Geminus,

280 2606 369 2688 story.
395 2608 436 2681 εἰς
462 2631 556 2686 perv„
572 2630 634 2688 oap.
662 2611 713 2688 13)
741 2611 791 2670 vel
819 2612 861 2669 ‘de
888 2612 970 2669 zonr's
996 2620 1023 2669 et
1049 2611 1128 2687 polis
1152 2609 1262 2693 nrundi’

281 2729 565 2808 (Schweighaeuseri
590 2731 686 2791 Index
703 2730 884 2807 Polybiunus
908 2750 930 2789 s.
945 2750 974 2790 v.
991 2728 1146 2807 Polybius)
1167 2748 1264 2807 neque

277 2847 386 2908 librum
408 2849 510 2910 ‘deber
535 2850 580 2908 die
604 2852 685 2926 Lege
702 2851 871 2909 Luoom'ens'
892 2848 1034 2929 (Nieolei,
1058 2849 1173 2910 Grieoh.
1191 2847 1263 2909 Litt.

277 2987 305 3044 p.
322 2970 396 3047 258)
417 2968 575 3046 seperatim
597 2969 698 3030 edidit.

227 3092 253 3146 3.
277 3085 469 3164 Polybium
491 3089 656 3148 cuneorum
671 3090 754 3148 sedes
770 3108 830 3149 non
848 3080 931 3158 ἐντός
944 3079 1123 3168 Ἡρακλείων
1139 3088 1263 3164 στηλῶν,

277 3212 311 3266 ut
326 3206 440 3267 oodioes
455 3209 565 3267 habent
587 3208 638 3285 (X,
662 3210 689 3282 7,
713 3211 761 3287 t),
783 3210 835 3268 sed
856 3201 940 3278 ἐκτὸς
964 3207 1097 3285 posuisse
1115 3207 1264 3283 Schweig-

276 3328 400 3385 haeuser
420 3331 499 3386 reete
521 3327 646 3404 putavit.

226 3452 254 3505 4.
275 3446 573 3505 Eratosthenem
595 3446 788 3520 sententium,
810 3467 897 3527 quam
919 3449 956 3506 do
980 3466 1119 3506 zonarum
1141 3464 1263 3505 numero

277 3564 421 3642 ooneepit,
443 3569 571 3624 mutasse
586 3585 660 3642 nego
677 3566 899 3645 (Muellenhoff,
922 3566 1073 3626 Deutsohe
1090 3565 1264 3625 Altertums-

278 3685 379 3744 kunde
400 3686 417 3743 I
440 3704 469 3761 p.
489 3687 633 3764 244sq.);
671 3705 768 3766 neque
791 3685 884 3762 igItur
905 3685 976 3746 iude
998 3687 1035 3746 de
1057 3681 1175 3758 ordino,
1205 3703 1263 3765 quo

276 3823 367 3881 opere
393 3803 445 3883 (so.
473 3803 636 3864 Merourius
660 3825 777 3866 oermen
804 3810 834 3866 et
853 3804 1049 3882 Geogruphioi
1073 3804 1156 3882 libri)
1183 3803 1264 3865 edite

277 3929 358 3998 sunt,
380 3922 539 4004 quiequam
560 3924 695 3985 eorolndi
716 3928 823 4002 potest.

225 4047 253 4104 5.
275 4044 472 4104 Arrienum
495 4042 528 4103 in
553 4043 673 4121 Periplo
698 4043 788 4104 Ponti
810 4043 924 4103 Euxini
947 4042 978 4122 (5
998 4043 1030 4121 5)
1056 4062 1116 4103 non
1139 4042 1264 4103 Gesneri

275 4165 366 4225 verbe
392 4155 475 4243 ‘turp
502 4159 553 4222 καὶ
575 4159 669 4240 μόνον
691 4155 758 4241 οὗχὶ
783 4153 887 4224 ὄλεσεν
911 4153 1005 4241 ἡμᾶς’,
1036 4183 1111 4245 quoe
1140 4163 1259 4244 quidem
