3014 4732
767 293 812 366 21

251 447 308 520 VI,
328 449 402 527 108)
424 448 615 520 Eratostheni
639 448 758 522 tribuit3
786 449 841 508 ssd
861 449 1009 526 disorapat
1026 449 1109 510 idem
1123 452 1169 510 :da
1190 450 1253 510 alio
1267 455 1325 508 'nd-¹

250 565 330 626 mero
353 551 409 628 (Ψ.
433 552 469 610 of.
489 550 533 609 Pl.
552 551 604 623 VI,
626 552 708 630 163),
730 551 782 610 ubi
799 551 919 628 seripsit
932 551 1166 625 Eratosthenem,
1191 553 1238 612 ‘ab
1254 555 1324 610 ostr'o

204 681 208 688 ’
250 669 377 729 Arabici
386 673 466 728 1111111
479 653 559 730 XII-1
570 673 610 729 M.
632 675 661 730 111
679 691 817 750 qrromque
829 683 942 749 partem
958 673 1098 758 tortasse!
1137 671 1212 732 Sunt
1227 676 1325 732 autern

250 761 332 848 {El
346 790 386 850 M.
401 810 477 866 pass.
496 810 556 850 nou
577 796 677 849 13500
694 792 744 852 vel
764 796 865 851 14000
883 797 918 852 st.
943 794 1014 866 (Ψ),
1037 794 1087 852 sed
1105 797 1216 863 10100,
1235 813 1326 872 quare

129 927 131 934 ’
251 929 304 988 pro
321 893 406 968 ᾗ
419 909 452 968 in
471 908 621 969 codicibus
639 895 741 970 {Eli
759 910 782 968 L
800 912 855 988 (=
875 917 977 970 14000
995 911 1043 990 st.)
1061 913 1247 971 scribendum
1262 931 1326 970 esse

251 1017 332 1088 puto.
376 1013 498 1072 Constat
516 1033 585 1090 ergo
603 992 833 1088 Agathemerium
850 1013 881 1072 in
905 1014 1097 1092 paragraphis
1115 1022 1232 1087 octava,
1255 1017 1326 1073 duo-

252 1114 379 1188 deoima,
402 1115 515 1175 deeima
533 1116 622 1175 tertia
638 1118 755 1176 eosdem
770 1122 859 1194 atque
875 1117 1101 1177 Eratosthenem
1123 1136 1258 1183 numeros
1274 1118 1326 1175 ha·

251 1218 330 1276 bere.
375 1216 572 1281 Quamobrem
597 1224 648 1278 aut
671 1237 710 1277 ex
728 1219 881 1278 Strabonis
902 1239 991 1295 opere
1013 1228 1065 1278 aut
1086 1240 1123 1278 ex
1145 1220 1240 1296 ipsius
1256 1221 1328 1279 Era·

252 1320 398 1379 tosthenis
415 1319 500 1378 libris
519 1326 570 1379 aut
585 1339 624 1378 ex
642 1321 717 1380 alius
733 1321 895 1399 geographi
912 1322 1069 1395 sententia,
1092 1321 1143 1401 qui
1158 1324 1328 1381 Eratosthe-

253 1441 320 1480 nem
337 1429 455 1482 seoutus
473 1428 531 1495 est,
556 1424 785 1498 Agathemerum
804 1443 855 1482 sua
873 1425 1053 1500 congessisse
1070 1423 1258 1484 statuendum
1274 1430 1326 1484 est.

337 1523 395 1583 Sed
409 1525 538 1602 primum
553 1525 705 1585 Strabonis
723 1526 794 1585 libri
811 1532 880 1585 ante
897 1528 1034 1606 quintum
1051 1523 1199 1586 saeculum
1213 1547 1242 1603 p.
1258 1527 1325 1588 chr.

254 1647 282 1686 n.
301 1647 453 1708 nunquam
476 1627 680 1698 nominantur,
702 1628 745 1687 ita
767 1635 801 1688 ut
818 1629 942 1688 fortasse
965 1630 1021 1689 hao
1037 1631 1153 1688 demum
1172 1634 1267 1690 aetate
1286 1649 1322 1686 ex

254 1729 435 1790 bibliotheca
460 1730 575 1812 aliqua,
606 1731 658 1791 ubi
684 1751 736 1807 per
760 1731 880 1806 longum
907 1732 1049 1808 temporis
1072 1731 1199 1808 spatium
1221 1730 1325 1792 oooulti

254 1815 388 1906 fuerant,
412 1836 448 1892 ad
469 1833 565 1895 luoem
582 1834 691 1911 prolati
706 1834 775 1894 siut.
818 1835 863 1893 Ao
879 1853 916 1893 ne
939 1841 1002 1894 turn
1021 1833 1140 1912 quidem
1155 1835 1215 1894 late
1234 1834 1327 1894 diuol-

255 1936 317 2012 gati
334 1942 418 2010 suut,
442 1955 508 1994 oum
526 1937 622 1996 rarius
645 1940 925 2008 commemorentur,
948 1956 1037 2015 quam
1054 1935 1211 2016 quisquam
1228 1956 1328 1998 eorum

255 2039 504 2116 geographorum,
542 2039 594 2116 qui
628 2040 665 2098 ad
696 2038 909 2114 amplissimum
942 2039 1084 2098 honorem
1118 2044 1328 2115 pervenerunt.

157 2199 160 2208 ,
257 2140 354 2205 Quare
371 2141 602 2217 Agathemerum
617 2141 770 2200 Strabonis
791 2160 879 2217 opere
899 2161 984 2201 usum
1007 2160 1071 2200 esse
1095 2160 1154 2200 non
1177 2141 1330 2218 probabile

257 2250 311 2316 est,
333 2243 509 2323 praesertim
518 2264 584 2304 eum
599 2243 687 2303 huius
702 2263 808 2306 nomen
822 2263 974 2326 nunquam
990 2243 1270 2304 aommemoraverit.
1286 2277 1329 2286 -

256 2347 468 2409 Eratosthenes
492 2355 590 2406 autem
614 2347 692 2424 apud
710 2352 826 2407 veteres
845 2365 905 2406 non
928 2346 983 2405 tali
1008 2347 1094 2405 laude
1114 2345 1254 2422 dignatus
1276 2351 1330 2416 est,

258 2449 340 2530 quali
357 2450 465 2525 dignus
488 2469 551 2510 1111
576 2449 684 2509 nostris
707 2449 890 2525 temporibus
915 2453 1044 2526 putatur.
1088 2449 1163 2509 Nam
1184 2447 1272 2508 multi
1293 2447 1330 2506 de

258 2570 292 2615 eo
312 2551 502 2629 seripserunt,
523 2553 610 2613 multi
624 2573 690 2612 eum
704 2552 827 2613 laudant
842 2557 1082 2636 sequunturque;
1104 2553 1156 2610 sed
1170 2551 1259 2627 plane
1276 2568 1330 2609 no-

257 2675 310 2716 vas
326 2655 455 2717 rationes
469 2675 536 2716 eum
553 2654 656 2714 iniisse
673 2673 773 2714 omnes
788 2654 934 2729 ignorant.
977 2654 1017 2712 Et
1029 2655 1243 2740 Agathemerus
1260 2671 1330 2732 quo·

260 2777 317 2836 que
334 2757 553 2820 Artemidorum
572 2762 603 2816 et
618 2757 792 2834 Menippum
808 2757 900 2816 multo
916 2756 1008 2830 magis
1023 2755 1192 2816 aestimasse
1204 2755 1331 2820 videtur.

260 2845 341 2924 Quos
369 2860 486 2940 quidem
512 2866 613 2938 postea
640 2858 814 2918 nominatim
836 2858 950 2930 laudat;
981 2857 1185 2920 Eratosthenis
1208 2877 1278 2918 vero
1299 2856 1333 2916 iu

260 2966 356 3042 primo
381 2968 496 3023 tantum
512 2961 623 3038 eapite,
646 2961 725 3039 quod
748 2959 864 3021 exordii
885 2960 981 3020 looum
999 2960 1104 3032 habet,
1124 2959 1204 3020 inter
1225 2959 1333 3020 multos

261 3067 336 3126 alios
351 3065 394 3126 ita
408 3063 590 3124 mentionem
605 3062 685 3136 fauit,
708 3062 792 3140 quasi
807 3061 901 3121 nihilo
915 3061 1008 3121 maior
1023 3061 1114 3122 fuerit
1129 3081 1217 3140 quam
1233 3061 1334 3121 aeteri.

260 3169 366 3248 Itaque
382 3166 537 3229 dummodo
555 3170 727 3239 argumenta
748 3164 853 3224 afferre
871 3165 1032 3242 possimus,
1053 3184 1105 3224 our
1119 3166 1335 3240 Agathemerus

261 3271 370 3330 inillis
386 3270 516 3329 numeris
532 3270 622 3330 alium
640 3269 786 3350 quendam
805 3274 922 3328 seoutus
939 3287 1002 3329 1111
1018 3268 1168 3340 videatur,
1189 3269 1244 3329 hae
1263 3286 1335 3348 quo·

264 3395 320 3454 que
343 3373 491 3434 sententia
517 3373 582 3432 sine
611 3372 795 3430 dubitatione
821 3371 1008 3444 desistemus,
1041 3390 1108 3429 eum
1130 3391 1182 3430 sua
1203 3389 1241 3428 ex
1261 3369 1335 3446 ipsis

263 3477 469 3537 Eratosthenis
485 3476 569 3536 libris
589 3475 757 3536 contulisse.
779 3509 822 3518 -
843 3473 919 3534 Sunt
938 3480 1035 3534 autem
1053 3474 1147 3552 plura,
1170 3471 1336 3552 quaemihi

263 3581 472 3657 persuadeant,
495 3577 716 3638 Artemidorum
737 3578 771 3638 in
794 3577 841 3636 his
864 3577 1011 3636 mensuris
1026 3575 1216 3636 Eratostheni
1237 3593 1336 3634 asson·

263 3703 328 3743 sum
349 3701 427 3755 esse,
458 3683 688 3758 Agathemerum
712 3699 783 3741 vero
800 3681 1019 3740 Artemidorum
1042 3679 1135 3759 sequi.
1179 3679 1253 3738 Nam
1275 3677 1336 3754 pri-
1447 3710 1450 3717 ·

263 3798 343 3846 mum
366 3785 484 3865 quidem
503 3783 709 3844 Artemidorus
734 3783 767 3842 in
795 3801 884 3861 opere
907 3803 959 3842 suo
982 3783 1075 3843 multa
1093 3783 1223 3843 Asiatica
1243 3781 1336 3840 inter-

264 3889 342 3950 valla
367 3887 472 3946 iisdem
499 3886 661 3947 stadiorum
686 3887 816 3946 numeris
845 3886 997 3958 definivit,
1029 3905 1102 3965 quos
1125 3887 1229 3945 Strabo
1258 3884 1335 3960 apud

265 3969 489 4051 Eratosthenem
513 3990 588 4066 legit
617 3990 686 4068 (Str.
710 3990 793 4067 663).
842 3989 961 4066 Polybii
989 3989 1081 4064 igitur
1108 3989 1245 4064 exemplo
1266 4007 1336 4046 usus

265 4111 399 4174 magnam
416 4093 487 4155 huie
502 4093 707 4154 auctoritatam
721 4093 828 4152 tribuit
843 4095 875 4152 in
890 4094 928 4152 iis
943 4092 1122 4168 regionibus,
1140 4111 1213 4172 quas
1227 4092 1260 4150 in
1275 4091 1337 4150 suis
