3014 4732
696 326 735 396 ll

180 471 229 565 38,
245 497 316 570 4sq.
340 489 377 562 V,
393 491 443 560 21,
458 491 553 566 4sqq.
576 485 616 557 X,
632 489 661 557 9,
679 487 707 543 8.
729 481 803 551 XII,
820 485 859 540 25
873 499 898 554 9,
914 481 953 557 1),
969 483 1047 547 valle
1062 509 1094 550 se
1108 493 1253 551 terrarum

180 593 395 670 descriptiones
418 596 449 650 et
472 589 698 651 intervallorum
724 584 943 660 magnitudines
966 590 1075 664 passim
1097 595 1254 653 adrerum

179 702 327 773 gestamm
343 693 543 755 narrationem
559 693 682 762 addere,
704 707 742 748 ne
761 687 813 767 qui
831 688 908 748 hana
924 689 1059 766 legerent
1079 695 1112 754 in
1134 715 1254 773 prorsus

180 799 312 860 obscuris
325 795 545 874 incognitisque
557 792 729 870 regionibns
739 797 937 864 versarentur,
952 813 1014 854 non
1027 797 1129 857 eadem
1142 816 1212 858 cura
1221 799 1255 858 iu

179 902 370 961 historiarum
387 918 468 958 nexu
484 897 579 958 stadia
593 912 762 954 numerasse
778 893 905 967 ridetur,
923 915 982 974 qua
996 897 1029 956 in
1046 899 1189 976 singulari
1201 901 1254 962 illo

179 1003 256 1064 libro
275 1004 466 1080 supersedere
485 1020 546 1060 non
566 997 678 1076 potuit,
702 995 814 1076 quippe
836 1015 893 1074 quo
909 1002 971 1060 1919
995 1001 1165 1063 universam
1187 1025 1255 1080 geo-

182 1106 335 1183 graphiam
358 1104 530 1182 complexus
552 1105 637 1162 91191.
681 1103 726 1158 Ao
743 1118 782 1158 ne
803 1101 939 1176 exempla
956 1102 1069 1178 desint,
1098 1125 1186 1184 quam
1206 1128 1255 1169 ur·

181 1211 249 1270 bem
264 1243 305 1254 —-
323 1209 421 1268 011111.
439 1225 546 1267 novam
562 1237 604 1249 -
628 1203 661 1262 in
677 1202 767 1262 tertio
791 1202 870 1274 libro
887 1209 969 1265 3000
985 1211 1021 1268 11.
1040 1228 1057 1267 1
1073 1196 1255 1270 119190101-

182 1317 268 1384 tono,
292 1317 374 1372 4200
393 1311 429 1372 ab
446 1306 596 1386 Emporiis
612 1309 714 1367 abesse
730 1304 809 1365 dixit
827 1305 859 1383 (a
873 1305 963 1386 sqq.)‚
985 1311 1109 1370 eandem
1126 1316 1256 1378 medium

180 1414 260 1474 inter
275 1415 364 1474 Hero.
383 1413 533 1473 columnas
556 1416 587 1470 et
601 1409 821 1486 Pyrenaeorum
845 1412 1079 1486 promontorium
1094 1413 1256 1485 locumte-

181 1536 252 1576 nsre
270 1516 302 1576 in
321 1515 435 1576 decimo
459 1514 536 1574 libro
553 1511 718 1585 contendit;
741 1515 772 1572 et
785 1531 840 1588 pro
858 1514 1256 1574 72001110191911119111919

183 1627 213 1690 (α
227 1623 270 1694 -Ι-
285 1617 305 1695 β
320 1622 361 1693 -t-
376 1627 421 1697 y),
452 1617 504 1696 qui
526 1616 582 1675 hoc
603 1617 640 1675 de
658 1635 716 1694 quo
733 1614 901 1694 quaerimus
922 1617 986 1677 1999
1011 1619 1136 1695 legitur,
1157 1615 1256 1694 paullo

179 1725 251 1782 ante
269 1717 335 1797 περὶ
357 1725 436 1780 8000
460 1727 501 1791 (κ’)
527 1718 635 1796 posuit.
679 1715 757 1793 Ergo
777 1737 836 1778 non
858 1719 1048 1780 infitiandum
1062 1721 1197 1793 videtur,
1219 1721 1256 1780 ab

180 1824 247 1901 ipso
264 1823 387 1899 Polybio
403 1825 457 1884 hos
473 1842 611 1882 numeros
629 1841 688 1881 non
708 1823 781 1882 1099
805 1828 939 1883 accurate
956 1824 993 1884 ad
1012 1844 1084 1884 vera
1099 1822 1258 1884 intervalla

183 1930 336 1986 revocatos
351 1945 428 1998 esse,
449 1926 533 1986 utin
555 1925 632 1984 mala
647 1925 703 1984 hac
725 1924 868 1984 metiendi
888 1925 1017 2002 ratione,
1040 1926 1176 2008 quamvis
1196 1945 1256 1986 nou

183 2034 253 2104 apte
269 2047 421 2090 mensurae
442 2028 572 2088 interae
594 2028 782 2100 cohaereant,
805 2032 905 2088 tamen
919 2030 1057 2091 nonnihil
1077 2032 1185 2090 addere
1206 2033 1258 2089 aut

184 2131 355 2190 subtrahere
376 2130 506 2190 hominis
527 2129 617 2190 nimis
638 2129 758 2190 audacis
780 2135 865 2190 esset
1261 2125 1263 2133 ⁴

268 2234 351 2294 Haeo
363 2235 426 2294 fere
441 2237 613 2308 argumenta
628 2232 814 2292 coniecturae
826 2233 872 2292 illi
887 2235 998 2311 opponi
1010 2241 1142 2313 possunt
1173 2236 1257 2301 Quae

183 2335 290 2409 omnia,
312 2337 369 2396 etsi
384 2355 438 2412 per
455 2355 486 2394 se
503 2355 574 2396 sana
590 2341 667 2407 sunt,
688 2342 788 2394 tamen
801 2335 851 2396 hic
866 2337 938 2395 ferri
955 2357 1041 2414 posse
1058 2359 1142 2415 nego.
1181 2340 1257 2399 Nam

182 2441 324 2512 concedo,
353 2458 508 2498 numerum
534 2434 602 2515 περὶ
631 2442 711 2496 8000
740 2446 781 2507 (κ)
811 2437 978 2516 discrepare
1006 2443 1042 2500 ab
1072 2461 1106 2501 ea
1135 2461 1256 2514 summa,

183 2560 271 2620 quam
288 2562 307 2599 α
322 2547 353 2600 91
369 2539 389 2618 β
405 2547 435 2600 91
451 2562 469 2620 y
493 2539 643 2616 complent
666 2539 790 2619 (7200),
813 2541 955 2617 deindery
972 2547 1030 2603 ets
1053 2564 1140 2621 pares
1155 2564 1258 2605 nume·

182 2663 231 2702 ros
246 2644 279 2702 in
296 2643 459 2720 imparibus
482 2643 587 2720 spatiis
607 2644 747 2716 evadere,
769 2643 918 2719 postremo
935 2644 987 2704 illa
1003 2647 1111 2706 decimi
1129 2647 1199 2707 libri
1221 2649 1258 2707 de

184 2745 280 2806 Carth.
295 2767 373 2807 nova
389 2747 480 2804 verba
498 2765 563 2804 oum
583 2745 713 2810 numeris
730 2750 811 2806 3000
832 2753 873 2819 (α)
899 2751 929 2806 91
947 2752 1030 2806 4200
1055 2747 1087 2826 (β
1102 2756 1133 2810 91
1146 2756 1174 2830 y)
1198 2769 1259 2810 non

183 2851 380 2909 consentanea
402 2867 473 2908 9119.
517 2847 576 2908 Sed
599 2848 671 2928 quid
695 2847 775 2908 aliud
798 2847 869 2909 inde
888 2869 1071 2932 consequens
1088 2859 1146 2927 est,
1170 2872 1258 2932 quam

183 2957 217 3011 ut
231 2951 328 3028 spatia
344 2957 396 3011 aut
410 2949 568 3028 Polybium
584 2971 643 3011 nou
662 2935 796 3012 accurate
810 2952 974 3013 dimensum
991 2973 1054 3014 esse
1073 2955 1259 3016 9111011109-

181 3073 250 3114 nem
272 3074 376 3131 parum
400 3053 560 3130 diligenter
589 3073 627 3112 ex
653 3053 717 3113 eius
740 3053 826 3113 libris
853 3075 1042 3116 conservasse
1063 3057 1259 3118 arbitremur?

182 3156 270 3222 Quod
290 3157 410 3236 quidem
434 3157 471 3215 ad
496 3155 656 3229 rationem,
686 3176 745 3235 qua
764 3155 925 3217 intervalla
944 3157 1019 3219 alter
1040 3160 1155 3236 posuit,
1184 3162 1259 3222 11191

182 3259 380 3330 conservavit,
402 3259 528 3318 multum
543 3259 694 3335 pertinere
711 3259 820 3333 elucet,
842 3261 895 3319 sed
910 3263 948 3320 10
964 3261 1162 3323 991199191111
1179 3283 1196 3324 1
1211 3284 1259 3326 me

182 3362 364 3438 propositam
381 3361 453 3440 quid
475 3362 627 3438 pertineat
642 3381 702 3420 non
718 3362 815 3421 video.
860 3363 935 3422 Nam
952 3385 971 3439 η
987 3369 1068 3424 19919
1083 3365 1259 3427 adtrahens

187 3483 222 3523 ex
239 3463 358 3542 Polybii
379 3483 468 3540 opere
487 3469 636 3540 sumptum
660 3483 723 3524 esse
746 3471 858 3525 certum
874 3472 931 3539 est,
961 3486 1027 3527 cum
1050 3468 1099 3528 hic
1119 3489 1259 3530 numerus

183 3571 246 3626 tota
258 3567 311 3626 illa
325 3567 357 3626 in
369 3567 581 3628 Dicaearchum
595 3567 821 3629 ratiocinatione
836 3569 907 3629 satis
921 3571 1119 3631 confirmetur.
1143 3573 1259 3633 Deinde

182 3691 201 3729 κ
225 3671 263 3729 ob
281 3689 343 3728 eam
362 3689 479 3730 eausam
493 3670 620 3748 Polybio
638 3671 736 3731 minus
754 3673 831 3730 bene
847 3676 977 3733 statuere
992 3673 1091 3746 licuit,
1114 3673 1258 3735 9111111111-

183 3771 267 3848 gulas
297 3773 385 3833 huius
414 3773 529 3833 numeri
560 3779 659 3851 partes
690 3775 791 3852 paullo
823 3780 892 3852 post
918 3776 1084 3836 accuratius
1112 3777 1258 3838 definiret

181 3875 334 3936 Postremo
351 3876 404 3935 illa
421 3876 529 3935 decimi
546 3877 615 3936 libri
638 3878 786 3937 sententia
805 3898 949 3952 summos,
972 3899 1059 3958 quam
1075 3900 1094 3935 9
1112 3884 1143 3938 91
1158 3878 1177 3957 β
1193 3885 1225 3940 et
1241 3902 1259 3959 γ

183 3977 326 4052 efficiunt,
347 3979 552 4040 auctoritatem
569 3999 628 4040 non
644 3983 748 4054 aufert,
772 3980 883 4060 quippe
902 4002 960 4060 qua
974 4000 1035 4040 nou
1051 3981 1146 4057 ipsius
1161 3983 1259 4045 lineae

181 4079 337 4156 longitudo
361 4083 558 4160 geographica
580 4084 695 4144 ratione
718 4084 848 4144 numeris
872 4083 1030 4143 definiatur
1056 4084 1205 4163 (109911.
1229 4091 1259 4148 et

182 4187 266 4244 4200
282 4185 348 4262 st),
369 4186 421 4245 sed
442 4185 625 4262 singulorum
641 4191 758 4248 tantum
782 4187 912 4248 locorum
928 4186 1003 4248 situs
1020 4186 1141 4266 quinam
1156 4188 1188 4250 iu
1206 4189 1259 4252 illa
