3014 4732
698 297 751 364 23

190 452 284 529 ipsius
308 452 468 514 itineribus
490 473 551 513 non
575 452 699 514 viderat.
743 452 860 514 Deinde
877 453 995 526 Strabo,
1022 455 1179 530 postquam
1195 452 1266 511 Era-

190 555 336 618 tosthenis
366 558 403 615 de
430 557 540 616 Arabia
569 575 706 616 numeros
737 558 778 634 (p.
798 557 948 634 toa—p.
969 557 1041 632 769)
1072 553 1265 627 enumeravit,

190 657 371 718 Artemidori
393 659 556 720 sententias
578 659 622 718 ita
645 659 782 734 adiungit
803 663 844 738 (p.
866 659 953 738 760),
980 663 1069 718 utne
1088 676 1176 716 unam
1199 656 1265 736 qui·

189 763 254 820 dam
272 761 336 820 eius
353 779 520 821 mensuram
536 764 641 822 tradat
684 761 764 824 Quid
779 761 839 820 ita?
871 761 949 824 Quia
963 760 1170 820 Artemidorus
1184 762 1264 818 uerte

187 864 392 934 Eratosthenis
418 883 555 924 numeros
579 864 701 940 reoepit.
752 863 839 926 Quod
863 864 887 922 si
913 883 972 922 non
996 862 1129 935 fecisset,
1158 861 1263 921 Strabo

188 965 305 1026 silentio
328 966 516 1043 praeteriisse
536 968 635 1043 putari
655 964 716 1026 non
733 971 846 1044 potest,
877 966 989 1044 quippe
1006 984 1093 1044 quem
1111 967 1266 1024 amborum¹

188 1071 421 1145 geographorum
433 1089 585 1130 mensuras
597 1070 718 1129 inter‘se
729 1089 913 1146 comparasse
922 1069 1058 1128 videmus
1073 1068 1122 1145 (af.
1138 1087 1167 1145 p.
1178 1068 1262 1143 666).

188 1171 279 1231 Porro
299 1173 358 1232 iam
376 1193 466 1250 supra
484 1173 615 1246 ostendi,
639 1193 677 1232 ex
692 1177 857 1234 ceterorum
872 1172 1003 1251 capitum
1019 1170 1151 1230 numeris
1171 1189 1263 1246 appa·

187 1294 268 1347 rere,
289 1277 519 1350 Agathemerum
536 1275 683 1352 imprimis
700 1294 739 1334 ex
754 1275 937 1334 Artemidori
955 1294 1044 1351 opere
1065 1293 1118 1332 sua
1134 1271 1261 1332 eonseri-

187 1377 288 1453 psisse.
331 1378 447 1438 Plinius
465 1377 594 1457 denique
611 1381 648 1437 ad
665 1378 749 1438 illum
764 1377 969 1437 Eratosthenis
987 1395 1151 1448 numerum,
1174 1393 1262 1453 quem

187 1497 251 1575 (VI,
270 1501 346 1556 163:
367 1476 449 1557 X—III
466 1499 527 1558 mil.
543 1499 585 1576 p.)
605 1503 776 1574 corruptum
794 1515 857 1556 esse
874 1497 953 1568 dixi,
975 1497 1115 1574 quaedam
1133 1493 1262 1553 Artemi-

185 1617 250 1675 dori
277 1635 429 1675 mensuras
457 1617 494 1676 de
523 1616 711 1692 longitudine
742 1616 825 1675 sinus
849 1615 970 1674 Arabiai
1000 1615 1116 1674 addidit
1145 1595 1262 1694 [less

185 1734 285 1792 Lmil.
303 1754 331 1810 p.
344 1735 399 1811 (=
417 1741 517 1796 14000
529 1742 563 1797 st.
588 1737 624 1796 of.
646 1737 694 1814 Ψ)
713 1739 749 1796 ab
762 1735 889 1796 Arabiae
906 1728 1009 1808 laterai
1029 1717 1088 1792 Xl.
1103 1733 1260 1792 XXXVII

185 1837 247 1894 mil.
264 1837 291 1892 D
308 1857 382 1912 pase.
397 1837 453 1915 (=
463 1843 545 1897 9100
557 1845 593 1899 st.
616 1841 652 1898 ef.
671 1839 717 1917 Ψ)
733 1837 957 1914 aTrogodytioo
974 1837 1066 1895 latere
1077 1833 1261 1895 Ptolemaida

186 1939 308 2020 usque],
331 1959 452 2018 quarum
467 1942 549 2018 prior
567 1962 632 2001 eum
648 1941 854 2000 Eratosthenis
870 1959 991 1999 numero
1008 1937 1153 2009 concinit,
1167 1938 1260 1996 altera

186 2037 256 2115 vero
273 2058 395 2118 fortasse
412 2063 552 2120 mutanda
571 2041 639 2138 (ᾗ.
657 2061 747 2119 XXV
761 2061 801 2119 M.
819 2061 861 2137 p.)
880 2065 932 2118 aut
946 2059 989 2118 ita
1006 2055 1191 2118 defendenda
1205 2061 1258 2130 est,

184 2163 218 2218 ut
231 2159 404 2222 Strabonem
421 2167 451 2221 et
467 2164 695 2238 Agathemerum
713 2162 869 2224 brevitatis
887 2182 974 2222 eausa
997 2164 1079 2220 9000
1102 2179 1156 2236 pro
1166 2163 1257 2256 3100

183 2261 316 2337 posuisse
332 2269 469 2341 putemus
484 2265 584 2342 (aliter
599 2265 788 2339 Miillenhoff,
807 2265 956 2324 Deutsohe
972 2263 1258 2323 Alterthumshunde

180 2366 211 2437 I,
232 2385 263 2442 p.
282 2365 369 2444 262).
1241 2361 1243 2368 ’

265 2460 306 2528 Ut
327 2469 419 2544 igitur
436 2470 626 2546 Agathemeri
641 2471 840 2546 paragraphos
861 2475 956 2528 9.10.
977 2473 1023 2529 11.
1046 2473 1091 2528 13.
1111 2467 1254 2540 omittam,

183 2589 255 2656 quae
272 2569 303 2630 in
322 2574 424 2634 eodem
444 2573 540 2650 eapite
557 2573 631 2652 (ΙΙΙ)
653 2573 752 2635 inesse
773 2572 853 2646 dixi,
881 2573 918 2630 de
941 2575 1102 2630 ceterarum
1124 2569 1255 2629 numeris

183 2669 226 2748 (Y
238 2673 317 2751 sqq.)
333 2675 554 2736 diiudicandum
570 2681 623 2746 est,
645 2677 699 2736 hos
715 2675 748 2733 in
764 2673 969 2752 geographicis
985 2674 1070 2732 libris
1084 2673 1255 2732 Eratosthe-

183 2793 249 2834 nem
264 2777 434 2850 tradidisse,
456 2778 677 2838 Artemidorum
698 2778 768 2836 inde
785 2778 959 2855 sumpsisse,
982 2763 1122 2852 deineape
1136 2775 1255 2834 Strabo·

183 2895 249 2935 nem
275 2880 311 2959 ab
336 2879 546 2952 Eratosthene,
577 2882 807 2956 Agathemerum
832 2883 868 2940 ab
892 2879 1079 2939 Artemidoro
1103 2871 1254 2956 petivisse.

180 2980 392 3042 Eratosthenes
407 2987 505 3042 autem
521 2983 668 3042 Asiatiaas
685 3002 837 3042 mensuras
853 2988 933 3043 aerte
953 3002 991 3041 ex
1014 2981 1153 3059 operibus
1172 2999 1255 3040 men-

181 3101 280 3144 sorum
295 3085 461 3166 Alexandri
477 3087 580 3162 Magni
595 3085 709 3162 recepit
730 3081 799 3165 (Str.
818 3089 894 3159 768,
918 3086 954 3144 af.
972 3088 1042 3145 723.
1061 3090 1130 3144 514.
1175 3083 1253 3144 Plin.

182 3185 239 3259 VI,
263 3187 332 3264 61),
361 3190 397 3246 do
414 3189 517 3250 Atrine
537 3209 607 3250 vero
626 3189 790 3251 certissima
807 3189 943 3262 tradidit,
965 3209 1031 3248 oum
1055 3189 1086 3246 in
1109 3189 1182 3247 urbe
1198 3187 1255 3264 Cy·

181 3308 252 3350 rene
269 3296 357 3349 naurs
377 3296 470 3364 esset,
493 3311 551 3370 quo
566 3291 684 3350 faeilius
699 3291 906 3350 Artemidorus
927 3291 1078 3369 ceterique
1093 3290 1255 3366 geographi

182 3391 268 3450 fidem
290 3393 319 3451 ei
339 3394 478 3452 habuisse
497 3394 645 3454 videntur.
689 3393 778 3470 (Nam
800 3394 874 3452 alios
891 3399 1044 3470 praeterea
1060 3395 1177 3452 eosdem
1198 3413 1254 3452 nu·

181 3513 275 3552 meros
291 3497 449 3556 tradidisse
466 3495 656 3556 manifestum
673 3503 733 3569 eet;
758 3495 794 3555 ef.
811 3471 855 3557 Pl}
870 3497 906 3569 V,
922 3497 971 3555 27.
1008 3499 1155 3573 Anonym.
1175 3498 1254 3573 apud
1324 3559 1327 3570 ,

181 3594 281 3658 Muell.
302 3587 400 3676 geogr.
419 3599 489 3659 min.
505 3600 552 3673 II,
575 3621 603 3678 p.
623 3604 682 3659 505
694 3597 819 3678 80ομξὲ
838 3599 996 3677 44-53.)

263 3701 327 3760 Iam
350 3703 388 3762 ad
407 3702 565 3780 Polybium
584 3703 688 3777 venio,
719 3702 785 3782 qui,
813 3709 847 3761 ut
872 3723 961 3780 supra
979 3703 1122 3774 vidimus,
1149 3703 1253 3778 Erato·

120 3857 123 3863 .
179 3803 293 3862 athenis
311 3809 450 3884 quasdam
466 3807 503 3865 de
518 3805 621 3864 Afriea
636 3826 788 3866 mensuras
807 3807 924 3882 (13500
943 3810 974 3865 et
989 3799 1067 3864 τοῦλ,
1089 3804 1184 3883 8000)
1207 3824 1253 3864 re·

180 3906 267 3982 oepit.
309 3909 414 3988 Itaque
430 3907 592 3967 verisimile
608 3914 661 3981 eat,
683 3929 749 3967 eum
764 3909 820 3968 hoe
837 3928 954 3988 quoque
968 3909 1032 3967 looo
1047 3908 1125 3966 idem
1138 3899 1252 3982 fecisse,

179 4007 210 4066 id
238 4012 316 4088 quod
339 4010 375 4068 de
400 4030 459 4069 uno
483 4030 605 4070 numero
637 4012 733 4090 (5000
758 4017 810 4084 st,
842 4012 878 4071 af.
902 4011 928 4068 D
955 4030 1020 4070 oum
1044 4009 1086 4086 Κ)
1115 4010 1250 4070 traditur.

180 4107 376 4173 Quamobrem
394 4113 532 4194 equidem
542 4113 733 4174 Eratostheni
748 4114 831 4173 illam
842 4113 961 4192 Polybii
975 4132 1141 4172 mensuram
1156 4115 1252 4176 acar-
