3014 4732
768 281 811 352 36

252 438 404 516 thaginem
421 457 539 518 quoque
556 437 730 515 ooguovisse
746 442 777 499 st
791 439 908 499 Plinius
924 435 1022 518 (VIII,
1040 437 1092 516 45)
1109 442 1139 499 ot
1151 439 1328 499 Plutarchus

253 542 419 624 (Apophth.
444 563 472 619 p.
494 547 555 600 200
573 545 608 600 A.
628 541 674 621 Β.)
707 545 737 602 et
762 546 858 602 Amm.
874 543 964 602 More.
990 539 1118 620 (XXIV,
1141 547 1175 614 2,
1199 542 1327 621 14sqq.)

252 645 451 718 tradideruut;
475 644 548 724 quin
566 645 656 705 etiam
672 666 738 706 oum
753 646 824 705 urbs
841 647 1003 720 deleretur,
1026 667 1057 706 se
1075 644 1246 706 interfuisse
1261 645 1328 722 ipse

254 747 332 808 dixit
353 748 429 823 (Pol.
447 747 599 821 XXXIX,
623 754 651 822 3,
675 755 702 807 6.
746 749 790 808 cf.
809 753 875 808 Arr.
895 749 975 811 Taot
999 755 1024 808 1.
1058 751 1135 826 App.
1151 749 1226 807 Pun.
1246 747 1328 825 132).

253 851 312 911 His
328 850 359 910 in
377 849 536 911 itineribus
551 856 582 911 et
598 871 673 931 quae
690 851 723 911 in
739 856 817 912 terro
833 853 1021 911 memoranda
1036 855 1135 911 essent
1150 851 1329 923 observavit,

255 953 340 1015 velut
354 953 487 1014 Africam
510 954 603 1013 lotum
622 954 778 1014 florentem
799 955 954 1032 conspexit
978 945 1142 1035 (αὐτόπτης
1158 947 1328 1034 γεσόμενοςι

255 1058 326 1117 Ath.
345 1061 402 1116 651
422 1055 477 1134 D),
500 1061 531 1116 et
544 1056 708 1133 oomplures
724 1058 855 1118 looorum
870 1058 1029 1120 intervalla
1047 1057 1209 1118 stadiorum
1226 1075 1329 1118 uume-

255 1157 297 1218 ss
319 1158 466 1218 definivit.
622 1139 624 1142 ’

290 1275 315 1310 α.
333 1261 419 1308 isthmi
436 1260 647 1322 Carthaginiensis
662 1262 764 1310 latitudo
975 1256 1011 1321 nic
1029 1265 1061 1312 Ab
1074 1259 1121 1328 st}
1142 1261 1226 1319 Poll,
1241 1263 1280 1318 7³,
1293 1262 1317 1308 5.

1137 1347 1221 1404 Poll,
1235 1349 1276 1404 67,
1290 1348 1330 1394 13.

1131 1432 1168 1480 er.
1178 1431 1245 1492 xrv,
1257 1435 1296 1488 ιο,
1306 1433 1330 1479 s.

292 1531 315 1583 γ.
335 1518 415 1568 (ierne
431 1519 513 1568 insule
529 1533 545 1566 a
561 1509 641 1568 torrae
659 1533 703 1566 ors
1047 1523 1063 1569 8
1081 1553 1097 1579 ‚‚
1115 1517 1122 1584 l
1142 1518 1205 1566 Pliu.
1218 1519 1262 1576 Vl,
1280 1519 1320 1569 36.

292 1605 316 1655 δ.
334 1606 357 1652 A
374 1610 457 1655 moute
473 1605 574 1652 Atlante
590 1605 622 1652 ad
638 1605 729 1654 flumen
746 1606 851 1654 Auatem

773 1691 824 1739 480
835 1691 869 1736 M.
880 1705 906 1751 p.
924 1692 969 1750 (=
988 1691 1055 1739 3840
1067 1695 1096 1738 st.

254 1765 263 1798 '
346 1775 413 1835 VII.
441 1777 480 1838 Iu
501 1777 724 1837 Macedonia
745 1781 782 1836 et
802 1776 946 1853 Illyria
967 1777 1085 1853 saepius
1101 1795 1169 1842 eum
1183 1765 1328 1834 versatum

261 1897 325 1937 esse
347 1880 511 1954 putandum
529 1883 587 1951 est,
610 1899 675 1938 oum
693 1878 838 1953 Egnatius
853 1877 921 1938 viae
942 1882 972 1937 et
987 1897 1139 1938 mensuras
1156 1883 1186 1937 et
1202 1877 1332 1952 'singulas

260 1984 360 2058 partes
382 1986 517 2040 aoourote
541 1980 732 2057 descripserit
753 1981 822 2059 (Str.
842 1980 926 2058 322),
971 1980 1094 2040 Aooedit
1116 1982 1195 2059 quod
1216 1979 1334 2057 saepius

261 2104 281 2144 o
296 2083 424 2143 Graecia
440 2083 472 2142 iu
489 2083 608 2143 Italiam
632 2085 782 2162 profectus
801 2087 853 2142 est.
899 2081 1084 2160 Theopompi
1100 2083 1229 2163 denique
1246 2083 1335 2142 falsas

261 2188 299 2246 de
323 2185 428 2264 Illyria
453 2185 609 2267 opiniones
639 2179 888 2267 (παρακούσματα
910 2179 1148 2266 λαοόσγματικάε
1180 2185 1245 2247 etr„
1258 2186 1335 2261 317)

261 2288 305 2348 ita
326 2287 509 2366 repudiavit,
539 2294 573 2350 ut
593 2289 682 2349 huius
706 2281 935 2368 παρακούσμασι
959 2309 1041 2351 suam
1064 2288 1159 2366 ipsius
1183 2282 1337 2362 aesopus

264 2396 435 2470 opponeret
477 2370 536 2453 bed
561 2393 622 2452 tato
646 2392 768 2466 aooidit,
790 2396 825 2451 ut
847 2392 883 2450 de
901 2391 1005 2467 Illyria
1022 2395 1053 2452 et
1069 2391 1243 2450 Macedonia
1264 2410 1338 2467 pau-

264 2494 381 2555 sissima
401 2499 517 2559 tentum
543 2513 581 2554 ex
600 2495 686 2554 libris
703 2493 823 2572 Polybii
846 2500 973 2554 aetatem
997 2493 1134 2567 tulerint,
1162 2513 1195 2554 ao
1217 2511 1255 2553 ne
1277 2512 1338 2553 una

265 2595 384 2677 quidem
405 2614 543 2658 mensura
563 2595 622 2658 iam
643 2601 744 2658 restet.
897 2647 905 2666 .

330 2705 331 2710 ’
351 2700 436 2763 VIII.
459 2701 504 2760 De
522 2704 694 2779 Aegypto
715 2701 795 2761 idem
810 2699 967 2760 dicendum
983 2704 1042 2773 est,
1063 2698 1097 2757 in
1113 2717 1171 2778 qua
1185 2717 1245 2758 nou
1261 2697 1338 2756 mul-

265 2811 320 2880 tas,
332 2809 431 2882 partes
448 2809 647 2882 perscrutatus
663 2824 727 2865 esso
744 2804 871 2864 videtur.
913 2803 972 2863 eeu
988 2802 1189 2864 Alexandriae
1203 2803 1339 2862 versatus

268 2913 324 2980 est,
345 2909 424 2968 unde
443 2907 601 2990 multarum
618 2907 668 2968 vel
686 2906 796 2968 oivium
815 2907 864 2967 vel
887 2905 987 2982 regies
1010 2905 1094 2966 aulae
1117 2925 1216 2965 rernm
1237 2903 1339 2980 oogui·

269 3009 351 3071 finus
363 3009 497 3070 imbutus
511 3009 610 3071 rediit.
653 3011 728 3070 Nam
744 3010 801 3069 etsi
817 3012 903 3068 antea
917 3001 1058 3084 νεώτερος
1073 3009 1125 3084 τῆς
1138 2998 1214 3067 κατὰ
1227 2999 1340 3081 νόμους

267 3103 382 3192 ἡλικίας
405 3113 521 3191 legatus
541 3111 574 3172 in
593 3113 761 3190 Aegyptum
782 3110 966 3186 designatus,
996 3129 1062 3170 oum
1078 3109 1264 3170 Ptolemaeus
1285 3127 1340 3166 rex

268 3215 367 3277 subito
384 3220 559 3288 moreretur,
580 3215 636 3276 hoo
659 3214 717 3275 iter
742 3233 802 3274 nou
820 3214 931 3274 feeerat
953 3211 1065 3292 (XXV,
1088 3213 1116 3284 7,
1141 3212 1266 3292 5sqq.)‚
1295 3216 1341 3271 to·

269 3319 337 3378 men
355 3302 513 3395 proveotbs
529 3322 624 3378 aetate
641 3318 726 3378 illam
742 3320 846 3379 urbem
861 3321 921 3376 tam
939 3315 1085 3376 celebrem
1103 3335 1189 3394 quam
1204 3315 1341 3375 miseram

269 3421 350 3509 vidit
363 3413 515 3508 ,(γξγσνῶς.
533 3417 565 3480 ἐν
585 3421 624 3506 τῇ
642 3413 859 3501 Ἀλεξανδρείῳ
880 3419 937 3478 Str.
955 3420 1031 3490 797;
1061 3410 1122 3478 r‘mo*
1139 3420 1194 3477 τοῦ
1211 3411 1342 3497 Εὐεργέ-

271 3547 326 3585 του
354 3525 408 3594 rosi
425 3517 598 3594 ,Φύσκωνός
626 3510 699 3600 ἧκεν
727 3520 770 3594 εἰς
800 3516 854 3600 τὴν
882 3513 1101 3600 Ἀλεξανδρεὶσν
1131 3511 1148 3581 o‘
1173 3513 1342 3597 Πολύβιοςε

270 3628 328 3688 Str.
348 3627 432 3704 798).

356 3729 412 3789 ΙΧ.
434 3731 471 3788 Iu
489 3728 609 3788 Asiam
632 3747 750 3808 quoque
766 3727 910 3806 Polybius
927 3727 1077 3806 protentus
1092 3732 1145 3788 est.
1190 3727 1265 3786 Nam
1277 3723 1343 3792 Sar·

273 3833 359 3894 dibus
385 3851 450 3891 oum
475 3849 568 3890 uxore
593 3830 671 3892 Galli
699 3831 850 3891 ouiusdom
877 3849 1040 3890 sermonem
1068 3829 1207 3890 habuisse
1235 3828 1345 3890 dieitur

274 3937 361 4016 (liei.
388 3949 462 4010 φησι
483 3925 534 3994 broi
557 3925 655 4014 λόγων
676 3931 708 3994 ἒν
727 3928 857 4013 Σάρδεσι
879 3927 1139 4014 γενόμενος’κσλ.
1171 3931 1249 3992 Plut
1271 3950 1343 3992 mor.

273 4062 303 4119 p.
323 4044 382 4098 259
404 4039 452 4114 A).
502 4037 594 4099 Porro
617 4039 781 4114 putendum
808 4041 868 4108 est,
897 4057 963 4097 eum
986 4035 1163 4114 Byzantium
1190 4035 1293 4094 urbem
1315 4038 1346 4095 et

274 4143 504 4222 Hellespontum
525 4145 556 4202 et
578 4140 752 4202 Thraoioum
772 4142 935 4218 Bosporum
960 4157 1021 4201 neu
1044 4138 1138 4199 solum
1160 4156 1199 4199 ex
1220 4135 1345 4198 aliorum

291 1398 314 1464 β.
334 1396 459 1460 Carthago
476 1413 493 1446 s
509 1399 574 1447 'luni
591 1399 652 1449 urbo
910 1394 947 1459 oi<
964 1391 994 1452 ἄν
1015 1402 1064 1450 120
1082 1365 1121 1498 „i

1098 1621 1123 1754 >i
1145 1655 1251 1714 runo,
1269 1657 1289 1702 o.
1336 1675 1363 1724 4
