3014 4732
762 297 806 364 24

250 451 373 529 lbagine
387 454 424 514 ad
434 452 545 532 Syrtim
559 454 702 515 minorem
716 453 853 515 adiudico
867 455 926 535 (E),
942 453 1080 514 Muelleri
1095 456 1194 514 auteur
1209 452 1321 534 (geogr.

248 555 319 616 min.
333 557 383 628 II,
406 555 480 633 473)
503 557 681 618 sententiam
705 560 813 634 probo,
835 578 890 636 pro
907 558 974 618 000
995 559 1090 637 (0400
1106 557 1155 635 st.)
1181 556 1213 616 in
1229 555 1323 616 Plinii

204 691 208 702 ‚
249 658 399 718 codicibus
414 659 471 738 (H)
487 660 674 720 scribendum
690 680 754 721 esse
770 662 814 720 00
830 662 887 740 (=
904 666 985 720 1600
1005 659 1063 738 st),
1084 659 1177 718 Plinii
1193 659 1322 738 denique

250 780 405 820 numerum
422 762 555 821 cccxii
570 763 620 842 (L)
639 767 690 824 aut
707 763 842 824 adalind
864 764 992 841 spatium
1009 764 1207 822 revocandum
1224 767 1278 821 aut
1289 760 1324 818 in

252 863 387 924 OOXXV
403 865 443 922 M.
459 885 488 942 p.
509 866 565 944 (=
585 871 664 925 1800
682 871 717 926 st
741 867 778 926 oi.
797 864 835 942 E)
857 867 1030 926 mutandum
1051 884 1115 924 esse
1134 883 1245 924 censeo.

335 966 494 1028 Praeterea
517 968 660 1045 Polybius
687 968 752 1045 ipse
779 969 871 1042 dixit,
902 988 933 1028 se
958 968 991 1027 in
1017 967 1158 1027 Asiaticis
1179 965 1326 1026 mensuris

250 1067 397 1145 imprimis
413 1071 639 1131 Eratosthenem
654 1077 823 1132 secuturum
842 1091 921 1144 esse,
944 1091 1002 1150 que
1017 1071 1049 1130 in
1069 1090 1102 1129 re
1119 1069 1327 1129 Artemidorus

252 1170 280 1230 ei
295 1191 431 1232 assensus
449 1179 494 1233 est
515 1173 585 1251 (Str.
605 1176 688 1252 668).
733 1173 866 1238 Quorum
885 1175 1005 1254 quidem
1029 1174 1264 1250 geographorum
1282 1173 1329 1231 al-‘

252 1277 299 1333 ter
319 1273 353 1334 iu
371 1281 504 1335 veterum
530 1277 686 1337 sententiis
708 1277 912 1350 recensendis,
940 1276 973 1336 in
995 1275 1154 1336 itineribus
1172 1274 1327 1346 iaciendis,

253 1375 287 1435 in
303 1378 434 1437 numeris
451 1379 602 1439 tradendis
618 1379 740 1440 alterius
754 1386 815 1440 tam
833 1379 940 1440 similis
959 1397 1022 1438 esse
1037 1378 1172 1450 videtur,
1194 1383 1229 1444 ut
1247 1379 1328 1457 quod

255 1480 292 1538 de
314 1480 370 1539 hoc
393 1480 550 1542 dicendum
571 1487 630 1554 est,
653 1485 691 1543 ad
709 1483 795 1543 illum
812 1502 930 1562 quoque
946 1482 1057 1542 referre
1080 1481 1176 1542 liceat.
1220 1481 1327 1560 ltaque

254 1585 289 1642 ut
309 1583 407 1642 omnia
430 1583 489 1644 iam
513 1586 705 1662 compleatur,
735 1588 823 1646 hosce
848 1604 985 1646 numeros
1005 1582 1197 1644 Eratostheni
1220 1583 1323 1654 tribuo,

255 1682 289 1743 in
307 1685 414 1764 quibus
438 1693 468 1747 et
487 1687 644 1767 Polybium
663 1694 694 1748 et
709 1688 929 1749 Artemidorum
947 1708 1013 1753 oum
1030 1707 1064 1748 eo
1081 1685 1245 1746 concidisse
1262 1704 1322 1763 pcr-

257 1787 311 1847 tim
334 1789 492 1868 scriptores
513 1792 650 1864 tradunt,
671 1789 780 1868 partim
802 1790 940 1870 equidem
961 1789 1110 1867 suspicor:

269 1925 288 1975 l.
307 1925 347 1975 De
363 1927 462 1976 Arria:

352 2027 374 2060 a.
394 2014 425 2061 ab
437 2014 510 2061 Hero.
524 2014 569 2060 ool.
582 2013 614 2060 ad
625 2011 708 2060 carth.
720 2016 788 2059 recte
800 2012 856 2059 via:
873 2005 975 2078 τοῦλᾶχ.
990 2011 1057 2060 8000
1069 2016 1099 2060 st.
1113 2011 1166 2073 (vel
1178 2011 1244 2060 8800
1257 2009 1300 2069 st.)

351 2097 374 2144 b.
393 2112 409 2145 a
427 2099 512 2147 Carth.
529 2098 561 2146 ad
578 2099 629 2145 Nili
646 2097 797 2158 Canopicum
815 2097 903 2145 ostium
921 2103 988 2145 recta
1005 2098 1060 2145 vie:
1166 2096 1249 2146 13500
1267 2099 1296 2144 st.

343 2199 373 2254 „⁰-
391 2185 492 2245 Byzaoii
509 2191 590 2233 terrae
606 2184 730 2245 periplus:
1182 2184 1249 2231 0000
1274 2214 1289 2240 ,,

352 2270 374 2317 d.
393 2284 408 2317 a
426 2270 509 2319 (lamb.
528 2272 559 2320 sd
576 2271 696 2319 minorem
714 2267 807 2330 Syrtim
823 2269 954 2330 parsplus:
1183 2267 1249 2316 0400
1274 2299 1290 2325 ,,

355 2369 376 2403 ο.
395 2356 497 2404 minoris
514 2355 619 2418 Syrtidis
636 2356 730 2403 aditus:
901 2397 904 2404 .
1201 2353 1251 2403 800
1275 2385 1291 2412 ‚e

362 2443 378 2489 i.
397 2443 499 2492 minoris
517 2442 622 2508 Syrtidis
640 2442 760 2490 ambitus:
1187 2442 1252 2490 1000
1277 2471 1293 2497 ,,

354 2543 377 2589 g.
396 2529 475 2578 litoris
490 2530 554 2577 inter
572 2529 682 2590 Syr-tides
700 2529 741 2576 siti
758 2525 901 2586 longitudo:
1185 2525 1252 2573 0000
1277 2557 1292 2582 ,,

439 2666 445 2679 ,
477 2667 484 2680 ‚
575 2667 607 2680 ..
656 2615 736 2662 acras
753 2611 843 2674 (renio
861 2599 948 2672 resep:
1185 2612 1253 2660 asco
1277 2607 1336 2672 ,‚[a]

355 2668 379 2714 h‘
397 2681 498 2714 mmm
515 2666 621 2728 symm
658 2695 691 2768 βά
710 2715 737 2756 ος
754 2697 885 2761 (Strabone
903 2698 990 2758 metm:
1187 2695 1259 2745 1800·
1278 2727 1293 2753 ,,

364 2788 381 2834 i.
391 2788 500 2841 ,maioris
517 2785 623 2848 Syrtidis
639 2787 769 2834 circuitus:
1188 2781 1255 2831 0000
1278 2813 1294 2839 ,,

356 2873 381 2922 k.
398 2874 497 2922 Africae
515 2887 559 2920 ora
575 2887 591 2920 a
607 2873 670 2920 freto
688 2871 719 2918 ad
736 2870 910 2918 Philaenorum
927 2883 997 2916 aras:
1089 2862 1152 2932 01ορ
1172 2868 1255 2916 10000
1279 2897 1295 2926 ,,

366 2960 383 3006 l·
401 2974 460 3008 orae
476 2959 603 3020 longitudo
621 2971 636 3006 a
654 2957 751 3018 Cyrene
768 2957 801 3004 ad
817 2955 1008 3004 Alexandriam:
1187 2955 1254 3002 4000
1279 2985 1294 3012 ,,

266 3048 297 3095 11.
315 3048 354 3094 De
371 3047 471 3094 Persico
488 3051 513 3094 et
530 3045 636 3094 Arabico
654 3043 776 3092 maribus:

353 3146 384 3180 ur.
403 3132 497 3180 Persici
513 3132 588 3180 maris
605 3130 723 3178 ambitus:
1174 3123 1257 3173 00000
1283 3157 1298 3182 ,,

362 3235 387 3268 n.
405 3219 505 3267 Arabici
522 3219 591 3266 sinus
608 3216 735 3278 longitudo
753 3215 785 3263 ab
802 3215 938 3275 Heroopoli
956 3213 987 3260 ad
1003 3213 1080 3260 Ptol:
1190 3209 1257 3258 0000
1282 3241 1298 3266 ,,

362 3319 384 3354 o.
402 3306 502 3354 Arabici
520 3306 588 3353 ainus
605 3304 731 3364 longitudo
749 3317 764 3350 a
781 3303 845 3350 Ptol
861 3301 894 3349 sd
910 3301 1002 3348 Diren:
1189 3297 1258 3345 4⁵00
1283 3327 1299 3354 „

361 3407 385 3453 p.
405 3390 505 3440 Arabici
522 3391 590 3440 sinus
607 3391 690 3438 fauces
707 3390 772 3438 eirca
788 3387 880 3436 Direu:
1227 3382 1260 3430 80
1284 3412 1299 3440 ,,

361 3492 386 3537 q.
404 3477 462 3524 hinc
479 3478 510 3524 ad
527 3475 653 3524 Oceanum
670 3477 695 3522 in
713 3475 787 3523 rubro
805 3473 868 3521 mari
884 3470 1028 3532 navigatio:
1194 3467 1261 3516 5000
1285 3499 1300 3524 „

366 3577 386 3610 r.
405 3562 504 3610 Arabici
515 3563 583 3610 sinus
595 3562 714 3610 Arabicus
724 3561 841 3622 paraplus
853 3560 884 3607 ab
896 3557 1034 3606 Aelanitico
1048 3569 1158 3604 recessu:
1178 3553 1261 3602 14000
1286 3585 1301 3610 ,,

371 3664 391 3696 s.
409 3649 484 3696 totius
501 3648 608 3696 Arabiae
625 3649 657 3695 ad
674 3648 775 3695 rubrum
792 3661 860 3694 mare
877 3644 1017 3706 longitudo:
1179 3637 1261 3686 10000
1286 3670 1301 3695 ,,

272 3751 442 3814 Verisimile
458 3757 504 3811 est
519 3752 692 3829 Polybium,
715 3770 773 3828 que
789 3749 903 3809 ratione
917 3749 972 3806 hos
986 3743 1191 3805 Eratosthenis
1206 3759 1344 3800 numeros

271 3857 305 3917 in
321 3854 382 3916 suis
398 3853 493 3932 ipsius
508 3853 593 3912 libris
608 3852 766 3929 repetivit,
787 3853 890 3911 eadem
906 3850 932 3908 si
948 3868 1008 3908 non
1024 3867 1135 3919 omnes,
1156 3849 1187 3906 at
1201 3842 1346 3922 plurimas

272 3958 419 4036 recepisse
437 3977 537 4018 earum
555 3975 773 4028 mensurarum,
794 3974 867 4033 ques
886 3955 923 4012 de
937 3951 1010 4011 Asia
1026 3951 1104 4026 apud
1119 3948 1346 4007 Eratosthenem

274 4063 385 4142 positas
400 4060 526 4120 invenit.
561 4057 641 4122 Quas
658 4078 758 4118 omnes
775 4057 834 4117 iam
853 4074 1026 4116 enumerare
1044 4054 1163 4128 longum
1182 4055 1234 4110 est.
1269 4048 1347 4107 Nam

274 4165 347 4230 eatis
363 4171 409 4227 est
430 4161 634 4243 perspexisse,
660 4165 691 4222 et
710 4181 768 4240 quo
784 4161 905 4220 tandem
921 4159 1007 4218 modo
1025 4154 1168 4234 Polybius
1183 4153 1248 4231 ipse
1265 4171 1347 4211 men·
