3014 4732
774 326 817 394 38

258 477 330 538 huic
345 499 425 553 vero,
441 479 525 540 cuius
540 501 556 540 e
570 481 656 541 libris
670 483 742 542 satis
754 483 848 543 multa
862 483 1015 557 didicerat,
1036 485 1182 564 quamque
1197 483 1231 543 iu
1244 485 1333 543 rebus

258 581 347 657 plane
364 582 431 642 aliis
449 583 573 660 gloriam
591 583 734 660 petivisse
758 591 951 662 cognoverat,
981 588 1017 646 de
1036 585 1228 646 orientalibus
1245 585 1332 645 meri·

258 683 414 764 dianisque
437 685 623 762 regionibus,
645 706 769 766 quarum
788 694 948 764 conspeetu
966 688 1031 766 ipse
1052 688 1162 762 caruit,
1183 707 1243 748 non
1265 707 1332 764 par·

258 805 326 846 vam
340 786 429 846 fldem
443 788 557 848 habuit.
600 793 700 868 Atque
716 789 835 850 omnino
851 792 888 849 ab
902 789 1042 850 itinerum
1059 791 1153 867 gloria
1166 811 1332 871 magnaque

258 883 410 963 αὖτοψίας
423 895 454 950 at
467 883 671 962 αὕταπαθεὶας
684 893 772 952 laude
787 893 899 953 iniusta
913 893 967 953 illa
978 893 1089 954 iudicia
1104 894 1238 972 proiecta
1253 897 1332 968 sunt,

258 993 387 1071 quaeda
404 993 604 1073 compluribus
622 994 816 1074 scriptoribus
831 995 974 1074 Polybius
991 995 1072 1057 tecit

760 1183 827 1263 so.

343 1303 407 1363 lam
429 1305 577 1362 ceteros
598 1304 726 1364 fontes
747 1301 921 1363 brevissime
940 1301 1099 1379 attingam,
1120 1302 1262 1382 equibus
1274 1301 1331 1363 Po·

257 1405 356 1482 lybias
378 1405 576 1482 geographica
596 1425 649 1465 sua
671 1405 826 1482 congemit.

343 1508 367 1568 I.
401 1511 501 1587 Atque
519 1507 646 1584 primum
664 1508 784 1588 quidem
807 1526 969 1585 exponam,
991 1510 1135 1586 qnantum
1155 1507 1272 1566 famae
1294 1510 1332 1568 et

257 1609 489 1669 sermonibus
510 1610 624 1670 debeat.
668 1609 790 1670 Constat
816 1609 912 1683 enim,
942 1609 1100 1687 Polybium
1124 1607 1242 1686 saepius
1264 1629 1326 1668 cum

255 1712 294 1772 iis
312 1713 488 1772 collocutum
508 1731 590 1786 esse,
617 1712 670 1792 qui
687 1713 776 1772 rebus
798 1711 934 1790 proxima
958 1717 1055 1772 aetate
1077 1711 1168 1788 gestis
1187 1711 1323 1772 interfue-

257 1823 339 1888 rant,
360 1815 446 1875 velut
460 1835 526 1874 oum
542 1813 836 1890 Carthaginiensibus
858 1815 927 1892 (IX,
950 1819 999 1887 25,
1022 1813 1069 1892 2),
1091 1833 1157 1874 oum
1175 1813 1327 1874 Masinissa

256 1917 325 1994 (IX,
343 1922 392 1990 25,
410 1917 450 1994 4),
471 1937 537 1977 cum
553 1917 733 1977 Hannibalis
747 1917 893 1977 militibus
915 1917 986 1994 (III,
1007 1922 1058 1990 48,
1078 1917 1138 1993 12),
1159 1935 1225 1976 cum
1242 1916 1330 1978 chio-

255 2039 337 2078 mara
358 2019 449 2097 (Plut
467 2038 539 2079 mor.
560 2039 590 2096 p.
607 2024 667 2078 259
685 2021 741 2097 A),
763 2039 828 2079 cnm
848 2019 951 2080 Laelio
972 2019 1031 2098 (X,
1054 2018 1116 2096 32).
1160 2018 1331 2080 Verisimile

255 2121 424 2198 igiturest,
452 2124 487 2181 ut
505 2123 542 2180 de
566 2121 706 2195 historia,
734 2121 778 2181 ita
796 2124 832 2181 de
853 2122 1025 2197 regionibus
1048 2121 1152 2198 presul
1169 2121 1235 2182 sitis
1257 2121 1331 2182 coti·

256 2224 344 2284 diano
369 2242 502 2284 sermone
526 2243 593 2284 eum
613 2224 768 2285 certiorem
786 2226 897 2284 factum
919 2243 997 2298 essa,
1026 2207 1110 2284 velut
1126 2223 1244 2301 saepius
1270 2225 1331 2284 for-

255 2331 333 2386 tasse
351 2345 417 2386 cum
430 2326 572 2386 Romanis
587 2327 746 2400 nobilibus,
769 2347 835 2388 cum
848 2332 941 2387 Arato
956 2326 1085 2404 Lycorta
1096 2325 1329 2404 Philopoemene

255 2433 286 2488 et
309 2431 346 2488 de
368 2429 455 2490 iactis
473 2433 504 2488 et
519 2431 557 2489 de
576 2429 664 2490 terris
688 2429 829 2490 disseruit
849 2431 899 2508 (cl
917 2429 970 2504 IV,
994 2435 1023 2503 2,
1045 2434 1081 2488 23
1110 2421 1180 2499 roric
1202 2422 1329 2508 χρόνους

255 2563 298 2575 -
321 2523 392 2602 τούς
416 2527 470 2608 μὲν
493 2523 564 2591 καθ’
580 2523 659 2610 ἡμᾶς
677 2569 734 2607 -,
763 2525 835 2604 τούς
851 2528 884 2592 δὲ
899 2525 974 2592 nurci
992 2524 1064 2601 reric
1079 2527 1208 2611 arripare
1225 2523 1328 2610 ἧμόν·

256 2630 287 2705 ἐξ
302 2620 340 2693 osi
355 2632 511 2712 συμβαίνει
524 2637 587 2704 τοῖς
599 2629 654 2712 μὲν
670 2628 781 2704 adrosis
793 2626 873 2712 ἡμᾶς
884 2629 1126 2714 παραγεγονέναι,
1147 2625 1184 2696 toi
1197 2629 1230 2694 dl
1244 2626 1328 2715 nopai

255 2737 316 2794 τῶν
332 2730 509 2817 ἑωρακότων
525 2729 707 2814 ἀκηκοέναι).
752 2736 818 2801 (lua
833 2738 866 2798 in
883 2757 915 2797 re
931 2743 1033 2798 cautus
1049 2757 1083 2797 aa
1100 2756 1220 2799 severus
1235 2737 1329 2798 fuisse

254 2839 388 2914 videtur,
415 2859 481 2900 aum
503 2839 583 2916 patri
604 2839 756 2919 patrisque
775 2840 948 2920 aequalibus
968 2841 1114 2914 crederet,
1142 2841 1194 2900 sed
1216 2860 1251 2900 ea
1271 2860 1326 2918 pro

254 2961 325 3003 vero
342 2942 475 3020 recipere
498 2947 701 3015 nunciaretur,
731 2962 806 3022 quae
827 2941 887 3003 mm
907 2945 945 3003 ab
969 2942 1170 3022 antiquiorum
1187 2943 1328 3004 memoria

254 3064 349 3124 usque
364 3047 402 3106 ad
416 3062 500 3106 suam
515 3045 611 3123 ipsius
626 3047 753 3105 aetatem
774 3045 982 3121 pervenissent
1003 3036 1058 3124 (ὥς
1072 3037 1168 3122 alacris
1182 3042 1213 3117 ἐξ
1230 3038 1328 3122 duodo

255 3139 396 3229 ypuipsw:
423 3145 482 3221 IV,
505 3154 540 3222 2,
564 3145 604 3226 3).
648 3145 707 3207 Sed
730 3167 823 3207 unum
846 3149 1049 3208 tantummodo
1072 3147 1216 3208 eiusmodi
1237 3148 1328 3209 collo·

255 3250 392 3329 quiorum
415 3255 499 3312 extat
524 3249 702 3328 exemplum.
752 3252 790 3310 In
815 3249 912 3310 Gallia
938 3251 1017 3311 enim
1042 3271 1108 3312 cum
1127 3250 1266 3328 Scipione
1287 3270 1327 3311 ex

254 3354 464 3416 mercatoribus
479 3353 714 3416 Massiliensibus
725 3355 968 3417 Narbonensibus
978 3355 1238 3418 Corbilouensibus
1255 3355 1329 3436 quid

254 3459 292 3518 de
315 3457 471 3518 Britannia
492 3457 648 3538 Thuleque
671 3459 828 3534 explorata
849 3459 994 3520 baberent
1019 3458 1184 3520 sciscitatus
1205 3463 1265 3531 est,
1291 3463 1328 3518 ut

253 3560 387 3637 Pytbese
403 3567 456 3622 aut
473 3559 626 3622 mendacia
646 3561 784 3636 detegere
801 3566 832 3621 et
847 3563 1023 3638 redarguere
1039 3567 1092 3624 aut
1110 3581 1189 3622 nova
1202 3561 1328 3625 inventa

253 3664 427 3724 confirmare
448 3668 479 3724 at
499 3665 703 3724 commendare
723 3668 832 3740 posset.
945 3721 951 3740 ,

338 3767 379 3828 ΙΙ.
403 3766 576 3828 Veterum
597 3765 706 3826 deinde
726 3765 969 3827 narrationes
990 3766 1109 3843 saepius
1122 3766 1266 3844 Polybius
1282 3765 1327 3828 ita

253 3869 501 3943 commemoravit,
522 3873 650 3930 atcerte
664 3867 842 3945 scriptorum
857 3868 977 3930 nomina
993 3889 1054 3930 non
1067 3869 1205 3930 adiceret
1248 3867 1328 3928 Scri-

253 3978 378 4050 pserunt
395 3972 514 4053 quidem
531 3971 619 4032 multi
633 3970 693 4032 iam
709 3951 803 4032 mulia
815 3972 853 4031 de
869 3971 1020 4045 Sardinia,
1042 3991 1133 4052 quare
1155 3975 1220 4032 aeta
1238 3989 1326 4048 agere

253 4075 350 4136 noluit
372 4077 414 4152 (Ι,
437 4077 493 4148 79,
519 4074 563 4152 7),
592 4080 662 4136 sunt
683 4079 837 4151 praeterea
855 4077 960 4150 posue
983 4075 1035 4153 qui
1050 4075 1129 4136 Pado
1145 4073 1240 4134 fluvio
1258 4071 1326 4132 Eri-

253 4178 324 4240 dani
348 4195 455 4240 nomen
478 4176 639 4240 tribuerint
667 4179 727 4255 (11,
753 4181 806 4250 16,
824 4174 876 4258 16),
906 4174 1083 4238 Graecorum
1107 4196 1178 4238 vero
1198 4177 1326 4254 fabulae,
