3014 4732
682 333 723 402 19

164 493 343 572 repudiaret,
362 497 470 552 utnon
489 487 746 562 animadverteret,
768 509 800 550 se
815 490 862 552 illi
877 491 966 568 plane
981 491 1071 550 alium
1088 509 1242 551 numeram

165 617 329 678 opponere,
352 615 442 675 qnam
464 614 552 674 quern
574 594 639 671 ipse
662 594 733 653 alibi
755 595 814 654 iem
836 597 997 671 probasset.

251 701 447 760 Transeamus
470 699 507 757 ed
532 717 582 757 eos
602 715 739 757 numeros
762 697 877 777 (indes
896 699 912 770 ζ
932 699 1082 777 usquead
1103 699 1146 774 λ),
1169 715 1243 778 quos

164 805 282 864 Plinius
296 802 330 861 in
347 803 407 861 fine
426 800 519 861 totins
536 802 572 860 de
591 800 771 877 geographie
788 800 985 878 expositionis
1004 801 1068 878 (VI,
1086 801 1161 878 206)
1184 816 1243 860 nno

165 914 267 967 tenore
284 905 332 963 his
348 903 448 964 vorbis
467 903 607 963 tradiditr
645 905 698 960 ‘Et
711 901 821 961 abunde
838 899 907 960 orbe
929 913 1072 962 terrorum
1091 913 1176 961 entra
1200 906 1244 962 irr-

168 1020 215 1068 tru
236 1010 360 1066 andabata
378 1005 541 1082 colligendo
559 1009 699 1064 ricarium
718 1022 849 1063 auarum
864 1021 1016 1083 ueprrorum
1038 1006 1168 1076 vademur
1192 1007 1245 1064 Po·

168 1111 262 1188 lybr'us
278 1129 295 1168 u
313 1110 453 1168 Gaditano
465 1108 549 1188 freto
568 1109 774 1185 longitudinem
790 1109 897 1168 ureae
913 1127 1001 1166 eursu
1017 1109 1056 1167 ud
1071 1125 1103 1166 or
1121 1099 1245 1168 Maeotis

169 1213 322 1289 fflll‘ll.
341 1223 487 1287 XXXVII
506 1227 566 1286 mr'l.
593 1229 619 1285 1)
640 1245 776 1306 passuum
799 1223 830 1305 [ζ
845 1253 888 1278 =
906 1229 1010 1287 27500
1027 1227 1079 1309 st]
1096 1227 1242 1305 prodidi&

169 1348 207 1407 ub
224 1347 320 1407 eodem
338 1348 421 1406 r'ur'tr'o
438 1347 642 1416 (adorientem
660 1347 769 1404 directo
785 1353 886 1418 eursu)
905 1347 1035 1405 Sr'er'lium
1053 1331 1121 1408 Xll.
1140 1351 1164 1408 L
1182 1350 1242 1412 mil.

167 1469 300 1532 passuum
318 1457 368 1528 (γ),
393 1451 507 1508 Cretam
523 1481 566 1492 —-
582 1483 622 1492 —
645 1445 825 1528 [sequuntur
841 1449 956 1510 numeri
974 1452 1045 1526 abu
1065 1451 1102 1509 ad
1117 1451 1156 1533 l]‚
1173 1432 1245 1532 quoe

169 1572 340 1650 computatio
371 1567 463 1646 efficit
493 1549 604 1626 Zilil
641 1568 693 1626 XL
720 1569 760 1626 M.
791 1588 928 1646 passuum
967 1567 1024 1652 [=
1051 1571 1152 1629 18720
1176 1571 1246 1656 st.].'

170 1673 354 1738 Quibuscum
377 1672 606 1747 comparandum
624 1675 682 1740 est,
713 1673 793 1750 quod
812 1671 871 1729 iarn
889 1690 978 1748 snpra
992 1670 1135 1744 vidimus,
1157 1675 1247 1754 Poly-

168 1777 253 1836 bium
283 1793 348 1834 onm
373 1772 569 1833 Eratosthene
598 1773 635 1831 ab
661 1769 800 1831 Herculis
829 1773 973 1832 columnis
1003 1776 1040 1833 ad
1067 1775 1247 1854 Canopicum

172 1876 280 1936 ostium
298 1876 364 1952 plus
381 1880 483 1934 21500
500 1880 535 1934 st.
560 1875 615 1953 (=
632 1880 733 1934 13500
750 1887 791 1949 -Ι-
808 1868 998 1952 τούλάχιστον
1023 1867 1103 1937 8000
1122 1880 1170 1955 st.)
1194 1899 1246 1956 po·

174 1979 275 2039 ruisse.
297 2012 337 2020 -
369 1979 431 2036 Iam
455 1977 553 2037 inhia
579 1978 710 2036 numeris
728 1997 789 2037 non
813 1977 911 2037 omnia
932 1977 1018 2038 nobis
1041 1980 1129 2040 fidem
1150 1981 1247 2042 faeere

174 2086 303 2159 possunt.
347 2085 390 2139 Ae
413 2079 542 2156 primum
562 2080 681 2160 quidem
700 2100 760 2139 non
783 2080 946 2140 verisimile
968 2088 1028 2154 est,
1054 2084 1173 2144 omnino
1190 2085 1248 2145 Po·

173 2183 285 2262 lybium
301 2183 436 2260 Europae
450 2181 668 2258 longitudinem
685 2184 721 2242 ab
737 2183 876 2243 Herculis
892 2183 1035 2243 columnis
1052 2186 1088 2244 ad
1104 2206 1136 2245 os
1149 2187 1248 2248 Maeo-

172 2287 212 2347 tis
234 2286 380 2346 direeto
403 2304 490 2345 eursu
515 2304 665 2345 emensum
684 2305 756 2344 esse.
800 2286 876 2345 Nam
898 2292 1004 2346 reete
1025 2287 1081 2347 hae
1098 2289 1178 2349 linea
1195 2310 1248 2351 ne·

174 2410 231 2470 que
261 2409 328 2449 orae
359 2408 457 2468 neque
483 2388 564 2447 orbis
592 2395 738 2448 terrarum
768 2388 923 2464 longitudo
954 2389 1148 2465 significanda
1176 2373 1248 2454 erat

174 2491 272 2557 Quare
293 2511 349 2551 neo
365 2491 452 2551 iaeile
468 2510 523 2550 neo
539 2509 614 2568 opus
631 2496 709 2564 erat,
729 2490 761 2549 id
779 2490 908 2566 spatium
933 2490 1062 2565 emetiri,
1086 2497 1165 2572 quod
1186 2513 1248 2556 non

174 2597 274 2657 autin
294 2597 364 2654 orbe
386 2600 530 2655 terrarum
553 2595 679 2655 neribus
698 2594 832 2670 percurri
855 2599 907 2654 eut
924 2594 957 2652 in
980 2595 1059 2655 eaelo
1082 2597 1171 2657 sertis
1193 2597 1249 2659 olr-

175 2699 248 2759 onlis
264 2697 381 2758 definiri
403 2697 509 2775 potuit.
553 2697 594 2756 Et
617 2697 749 2773 profesto
775 2698 855 2775 quod
879 2715 965 2757 nemo
982 2697 1158 2758 Graecorum
1181 2721 1250 2776 geo·
1316 2777 1317 2782 η

174 2804 351 2878 graphornm
366 2800 463 2859 faeere
478 2806 530 2858 aut
546 2817 634 2857 ansus
651 2802 696 2858 est
719 2803 770 2858 ant
792 2799 867 2858 utile
891 2817 954 2858 esse
972 2800 1170 2876 existimarit,
1192 2803 1249 2864 hoo

175 2923 213 2963 ne
228 2903 348 2980 Polybii
371 2901 491 2982 quidem
509 2901 640 2960 studium
657 2901 796 2960 incitasse
819 2902 973 2978 probabile
998 2909 1050 2962 est.
1093 2904 1251 2966 Praeterea

173 3007 228 3067 vix
244 3006 318 3064 mihi
333 3005 510 3083 persuadere
527 3023 655 3081 possum,
678 3003 836 3080 Polybium
853 3005 948 3063 maius
965 3005 1155 3066 intervallum
1170 3009 1251 3069 inter

174 3109 314 3168 Herculis
337 3109 486 3168 columnas
510 3115 540 3166 et
560 3109 710 3183 Canopum
732 3109 835 3167 urbem
861 3109 978 3185 (21500
997 3108 1045 3188 st.)
1066 3109 1252 3172 intercedere

175 3212 338 3284 censuisse,
372 3231 460 3290 quarn
492 3211 571 3269 inter
599 3210 740 3269 Herculis
767 3210 916 3269 columnas
947 3218 978 3271 et
999 3211 1124 3272 issicum
1152 3214 1250 3274 sinum

175 3316 292 3392 (18720
309 3315 367 3391 st).
412 3314 487 3373 Nam
505 3333 570 3372 eum
587 3312 793 3372 Eratosthenis
815 3333 953 3372 numeros
969 3314 1000 3372 in
1017 3313 1066 3372 his
1079 3316 1251 3392 regionibns

176 3418 334 3496 reciperet,
361 3416 444 3475 illam
468 3422 547 3484 eerte
573 3414 704 3474 eiusdem
723 3416 900 3474 sententiam
924 3418 1140 3499 eomppobavit,
1167 3420 1249 3483 Rbo-

177 3520 295 3580 damin
313 3520 415 3579 eadem
432 3517 510 3577 inter
528 3522 683 3596 utramque
703 3522 800 3578 terrae
819 3537 904 3578 axem
922 3519 1000 3578 linea
1019 3519 1105 3579 sitam
1121 3541 1193 3595 esse,
1215 3522 1249 3581 in

175 3645 235 3704 qua
258 3620 469 3682 Alexandriam
497 3621 568 3698 (Str.
588 3620 650 3699 93).
701 3621 807 3699 Itaque
833 3620 918 3679 Issioi
943 3622 1028 3681 sinus
1050 3626 1094 3682 ab
1111 3624 1250 3684 Herenlis

175 3725 319 3786 columnis
343 3723 514 3784 distantiam
540 3723 650 3782 maiore
678 3723 840 3783 stadiorum
866 3743 988 3784 numero
1012 3725 1169 3803 Polybium
1199 3728 1250 3787 de-

175 3829 306 3904 signasse
323 3827 525 3887 arbitrandum
543 3832 596 3898 est,
619 3845 706 3906 quam
723 3846 782 3906 quo
798 3825 990 3886 intervallum
1005 3828 1085 3888 inter
1099 3829 1250 3907 Canopum

177 3936 207 3991 et
224 3921 402 3990 Gaditanum
424 3931 534 3989 fretum
557 3929 704 3990 definivit.
749 3929 900 3990 Postremo
927 3951 992 3990 eum
1013 3931 1128 3991 Plinius
1150 3932 1249 4010 paullo

176 4040 245 4094 ante
260 4033 383 4104 dixerit,
410 4040 612 4109 ‘aequorum
630 4051 788 4090 areusurum
803 4053 834 4090 ae
850 4035 879 4090 in
895 4043 989 4090 artum
1003 4035 1141 4110 colligere
1155 4035 1246 4108 uelle',

174 4136 311 4214 intellegi
327 4139 406 4196 oerte
424 4153 485 4198 non
500 4139 608 4212 potest,
629 4153 705 4213 quae
722 4136 842 4194 undem
858 4135 933 4194 ratio
949 4135 1029 4194 inter
1044 4136 1173 4213 primurn
1192 4138 1250 4200 Po·

496 4223 499 4246 .
975 4237 1024 4298 2*
