3014 4732
773 273 817 352 4¹0

292 457 314 492 κ.
334 439 441 490 Gulussa
458 441 578 490 Numida:
613 441 676 490 Plin.
696 440 762 500 VIII,
782 443 821 490 ar.

291 526 311 577 i.
331 529 511 576 Demosthenes
527 528 673 588 Bithynius:
699 528 783 590 Steph.
801 530 860 590 Bya.
881 544 900 576 s.
919 543 944 578 v.
963 525 1078 580 Χαλκεῖα
1096 531 1139 590 (=
1151 530 1203 578 Pol.
1217 529 1273 588 XII,
1294 531 1329 591 i).

292 627 317 676 μ,
335 613 403 660 Zeno
419 611 544 660 Rhodius:
580 613 647 673 XVI,
667 616 774 664 16-17.

295 714 315 748 ν.
334 698 498 776 Callisthenes
516 698 661 760 Olynthius:
695 699 750 758 XII,
770 701 810 749 1⁷.

257 801 293 859 In
309 801 357 860 his
374 802 567 880 scriptoribus
583 802 606 861 ii
622 802 742 876 desunt,
767 803 818 882 qui
835 805 872 861 ab
889 803 1052 862 Alexandri
1069 809 1164 864 aetate
1181 805 1217 863 de
1235 804 1334 864 orien-

257 903 366 963 talibus
380 905 469 964 Asiae
485 904 655 980 regionibus
671 911 702 964 et
724 905 908 982 potissimum
925 907 961 964 de
979 905 1066 964 India
1082 906 1277 984 seripserunt,
1299 906 1334 966 id

258 1009 337 1086 quod
353 1009 390 1066 ad
407 1009 484 1066 hanc
499 1008 560 1066 fere
576 1026 693 1066 causam
709 1008 897 1066 referendum
912 1013 975 1066 e'sse
994 1016 1075 1086 puto.
1120 1010 1166 1066 Ex
1183 1009 1235 1067 illa
1252 1009 1333 1067 enim

257 1109 421 1169 Alexandri
446 1110 547 1184 Magni
575 1110 766 1186 expeditione
797 1110 937 1188 permulti
961 1111 1020 1196 viri
1053 1111 1246 1186 exstiterunt,
1280 1112 1334 1192 qui

258 1231 351 1271 novas
368 1211 435 1270 illas
458 1211 684 1292 incognitosque
707 1218 814 1287 terras,
838 1233 962 1292 quarum
978 1213 1064 1273 India
1087 1214 1214 1292 primum
1235 1214 1334 1274 locum

258 1313 379 1386 habuit,
401 1329 506 1390 magno
531 1333 596 1374 eum
619 1315 717 1374 studio
738 1315 893 1393 explorare
912 1322 942 1375 et
958 1315 1123 1400 describere
1140 1317 1334 1394 susciperent.

257 1422 358 1496 Atque
382 1416 470 1475 etiam
493 1415 698 1478 Eratosthenis
721 1419 904 1494 temporibus
931 1419 1093 1496 geographi
1115 1419 1214 1479 omnia
1235 1421 1335 1480 studia

258 1521 296 1578 ad
312 1521 385 1579 haec
400 1509 478 1580 nova
495 1518 644 1580 mirabilia
665 1521 841 1581 illustranda
860 1500 1078 1582 consertarunt.
1121 1522 1240 1582 Primus
1261 1542 1332 1582 vero

258 1622 400 1699 Polybius
425 1623 594 1682 universam
615 1631 711 1682 terrae
735 1623 964 1700 descriptionem
987 1631 1022 1684 ut
1043 1625 1086 1684 ita
1108 1624 1203 1684 dicam
1225 1627 1330 1684 adeas

258 1726 393 1801 regiones
407 1727 535 1800 reduxit,
554 1728 633 1785 unde
643 1725 808 1785 Alexandri
823 1731 920 1786 aetate
936 1728 973 1786 ad
988 1728 1133 1787 orientem
1146 1746 1250 1787 versus
1268 1729 1329 1786 abs-

260 1833 395 1889 cesserat.
445 1828 521 1888 Nam
543 1827 701 1888 itineribus
727 1829 788 1887 suis
820 1829 1110 1890 occidentalium
1133 1829 1267 1906 gentium
1289 1848 1334 1890 se·

260 1933 311 1991 des
328 1936 529 2009 perscrutatus
547 1936 593 1990 est
611 1936 699 2010 atque
715 1931 828 2008 primus
848 1929 1026 1992 Graecorum
1043 1931 1251 2008 geographiam
1267 1951 1335 1991 cnm

258 2019 458 2093 Romanorum
471 2033 558 2092 bellis
577 2033 620 2092 ite
637 2033 794 2093 conciliare
811 2034 923 2112 coepit,
945 2035 1065 2094 atinde
1083 2035 1119 2094 ab
1140 2034 1203 2093 eius
1220 2041 1337 2112 tempo·

259 2137 355 2210 ribus,
385 2155 443 2216 quo
463 2136 530 2213 plus
545 2135 672 2194 Romani
697 2138 923 2212 expugnabant,
954 2156 988 2197 eo
1009 2138 1076 2215 plus
1098 2137 1262 2198 accuratius
1283 2139 1336 2197 de-

259 2240 452 2312 scriberetur,
474 2239 666 2317 singulaeque
684 2244 780 2299 terrae
799 2259 872 2320 quas
894 2241 927 2299 in
944 2247 1043 2318 partes
1058 2259 1075 2300 a
1089 2240 1232 2300 Romanis
1256 2241 1337 2301 divi-

260 2362 309 2403 sae
326 2347 411 2402 erent
426 2342 482 2402 hoc
500 2343 602 2400 eodem
618 2341 721 2402 ordine
738 2345 973 2420 geographorum
989 2343 1239 2422 descriptionibus
1257 2362 1337 2401 com·

260 2445 406 2525 prehendi
422 2444 559 2505 solerent.
605 2442 670 2509 Qua
692 2445 725 2505 in
746 2429 779 2506 re
801 2447 941 2525 deinceps
959 2446 1105 2525 imprimis
1121 2444 1337 2520 Artemidorus,

261 2535 418 2626 Ephesius,
448 2546 580 2608 Isidorus
598 2547 798 2623 Gharacenns,
825 2549 929 2610 Strabo
946 2554 1088 2610 Amasiius
1110 2549 1268 2628 Polybium
1289 2568 1336 2609 se·

262 2649 324 2712 cuti
344 2655 422 2711 sunt.
927 2629 931 2640 ⁵

346 2842 442 2918 Multa
466 2855 526 2914 iam
548 2833 774 2934 relinquuntur,
796 2877 872 2942 qpae
893 2859 930 2918 de
946 2856 1067 2935 Polybii
1084 2841 1263 2935 geographia
1283 2876 1337 2916 ex-

262 2961 378 3039 planari
395 2958 517 3037 possint.
562 2959 637 3017 Nam
658 2959 744 3036 plura
760 2961 796 3020 de
812 2960 909 3034 nonis,
931 2961 968 3019 de
984 2960 1127 3035 maribus,
1151 2963 1187 3020 de
1209 2960 1335 3036 singulis

262 3065 350 3125 terris
369 3063 546 3141 exponenda
562 3067 646 3136 sunt,
669 3062 695 3122 si
719 3063 786 3144 quis
803 3083 862 3124 uno
879 3063 980 3124 libello
1005 3063 1103 3123 omnia
1125 3064 1337 3146 comprehendi

263 3169 345 3230 velit.
388 3168 446 3228 Sed
468 3186 543 3247 quae
567 3167 703 3246 quamvis
728 3187 789 3228 non
812 3168 883 3254 satis
906 3168 1067 3258 diligenter,
1088 3169 1336 3244 aMagdeburgio

262 3272 322 3332 iam
345 3271 509 3348 conscripta
532 3275 616 3344 sunt,
637 3251 674 3330 ea
689 3271 787 3331 omnia
810 3277 958 3348 repetere,
982 3277 1013 3333 et
1028 3249 1148 3346 longum
1165 3277 1210 3331 est
1229 3278 1259 3331 et
1280 3271 1336 3330 mi-

263 3395 364 3436 norem
380 3373 539 3434 utilitatem
557 3374 651 3448 affert,
674 3390 761 3454 quam
780 3376 858 3454 quod
877 3385 983 3451 magna
997 3375 1171 3454 quaestione
1188 3373 1335 3450 dignetur.

263 3479 339 3538 Nam
360 3477 477 3553 singula
499 3476 674 3556 quibusdam
693 3477 742 3537 vel
765 3477 998 3556 ethnographiae
1016 3479 1066 3538 vel
1085 3476 1226 3540 historiae
1244 3479 1337 3557 parti-

263 3584 318 3642 bus
342 3581 538 3642 emolumento
555 3600 619 3640 esse
642 3583 784 3656 concedo,
812 3583 865 3643 sad
887 3581 1056 3642 universam
1077 3583 1182 3643 harum
1204 3582 1336 3643 omnium

264 3704 362 3745 rerum
386 3683 602 3762 expositionem
625 3685 724 3745 verbis
747 3684 941 3762 copiosiorem
965 3704 1053 3765 quam
1075 3686 1165 3744 rebus
1187 3685 1336 3746 utiliorem

264 3791 407 3862 evadere,
435 3787 642 3864 Magdebnrgii
669 3787 877 3848 dissertatione
905 3789 1017 3865 optIme
1046 3787 1240 3850 demonstrari
1267 3807 1336 3847 con·

265 3893 363 3954 tendo.

649 4063 954 4074 Ἤ
