3014 4732
150 550 164 588 1

785 318 809 384 4

258 477 404 554 quantur,
427 494 481 551 per
497 493 529 535 55
546 475 618 534 ferri
637 479 770 552 possunt.
814 476 918 552 Pergit
935 477 1029 551 enim,
1052 497 1118 538 oum
1139 481 1267 557 primum
1289 481 1334 541 sol

258 577 383 651 5551151,
412 581 476 637 tum
500 597 565 637 earn
590 579 701 638 zodieoi
726 583 841 656 purtem
865 580 928 641 sive
950 580 982 639 id
1004 582 1158 642 duodecim
1183 583 1333 660 signorum

257 680 342 753 oriri,
366 681 445 761 quod
459 680 494 738 in
512 681 650 740 orientali
669 681 743 740 55511
758 682 881 756 regione
896 688 1033 742 versetur
1055 684 1128 760 (IX,
1150 689 1202 759 15,
1226 687 1273 764 9),
1303 692 1334 746 51

256 787 365 842 oertam
387 783 529 860 temporis
555 789 585 843 et
609 784 724 843 numeri
749 785 894 843 rationem
917 785 996 844 inter
1015 787 1206 862 praeteritum
1229 790 1334 868 quavis

255 885 330 945 hore
345 885 441 945 nootis
463 890 577 962 purtem
603 892 634 945 et
659 891 723 946 orte
745 886 857 947 zodiaoi
882 887 967 962 signa
988 887 1171 948 intercedere
1196 890 1265 968 (IX,
1287 896 1332 965 15,

260 989 319 1066 10).
364 987 462 1053 Quare
490 988 541 1069 qui
568 989 720 1065 signorum
749 995 780 1050 et
803 989 1023 1050 multitudinem
1046 997 1077 1051 et
1100 993 1333 1068 magnitudinem

253 1091 384 1165 noverit,
406 1091 433 1151 is
448 1092 544 1151 noetis
566 1098 681 1168 partem
698 1092 748 1153 vel
769 1093 958 1168 praeteritam
977 1094 1028 1154 vol
1049 1095 1196 1174 reliquom
1218 1115 1334 1173 semper

252 1193 341 1254 155115
357 1195 513 1254 emetietur
535 1194 609 1271 (IX,
629 1200 684 1268 15,
706 1197 766 1274 11).
809 1199 854 1256 Ao
874 1196 899 1256 si
922 1202 1011 1256 55515
1028 1197 1152 1257 nubium
1176 1197 1333 1275 caliginem

254 1296 400 1356 sideribus
426 1297 583 1357 obductam
612 1296 799 1371 videbimus,
832 1297 904 1358 1555
930 1301 1105 1368 observetur
1130 1317 1251 1360 neeesse
1279 1307 1331 1375 551,

255 1399 338 1459 55155
355 1400 417 1472 lux,
441 1419 507 1458 oum
525 1399 564 1460 sit
579 1399 690 1458 maiore
707 1400 803 1476 spatio
819 1420 908 1481 quam
923 1406 1022 1461 uetere
1038 1406 1124 1474 estre,
1148 1421 1187 1461 55
1204 1403 1332 1462 nubibus

255 1502 374 1583 quidem
392 1502 481 1578 plene
500 1503 646 1562 oooeeoari
663 1503 752 1576 solet,
776 1523 866 1582 quere
885 1523 973 1583 quem
997 1503 1070 1563 eseli
1088 1504 1185 1564 losum
1200 1506 1333 1567 obtineat

254 1604 431 1684 plerumque
449 1602 645 1664 animadverti
662 1609 761 1680 potest
783 1605 852 1682 (ix,
875 1611 922 1679 15,
941 1606 1000 1681 12).
1044 1605 1102 1666 Sed
1119 1625 1196 1687 quae
1213 1628 1330 1688 quoque

254 1713 387 1784 tempore
414 1726 483 1784 pers
509 1707 606 1767 nootis
629 1707 754 1767 51155155
780 1708 968 1785 praeterierit
991 1713 1022 1768 et
1048 1727 1124 1789 quoe
1147 1710 1186 1770 sit
1208 1711 1326 1790 relique,

255 1830 316 1870 non
337 1811 432 1870 solum
458 1829 497 1869 ex
520 1811 593 1870 oeeli
616 1810 738 1885 regione
761 1829 946 1890 quacumque
963 1809 1036 1870 1555
1054 1816 1189 1871 versetur
1209 1813 1328 1872 menits·

254 1917 332 1974 stum
349 1919 409 1987 est,
432 1914 483 1973 sed
501 1932 540 1972 ex
556 1932 592 1972 eo
616 1932 735 1992 quoque
756 1913 845 1973 155115
865 1913 1056 1990 perspioitur‚
1080 1915 1198 1993 quando
1216 1921 1280 1974 tum
1301 1920 1331 1974 et

251 2016 373 2076 ubinam
388 2016 428 2076 sit
446 2020 512 2075 orte
528 2024 579 2076 551
595 2034 733 2074 55555555
754 2015 823 2094 (ΙΧ,
844 2020 888 2089 15,
912 2016 970 2093 13).
1016 2014 1101 2079 Quod
1119 2019 1155 2075 51
1175 2017 1331 2076 oonfioien·

253 2121 322 2179 dum
345 2137 462 2178 omnem
486 2117 568 2177 illem
589 2117 779 2191 varietatem,
810 2137 897 2197 quum
917 2118 950 2176 in
971 2119 1060 2177 lunae
1082 2123 1149 2178 ortu
1169 2139 1332 2200 ooossuque

251 2222 349 2282 inesse
373 2221 613 2283 animadversum
631 2227 689 2294 eet,
712 2221 831 2281 novisse
847 2240 921 2297 opus
942 2221 999 2280 erit
1020 2219 1089 2295 (IX,
1110 2226 1156 2295 15,
1177 2221 1234 2300 14).
1278 2225 1332 2282 Est

251 2331 349 2386 sutem
368 2324 438 2386 talis
453 2343 491 2384 ne
506 2324 594 2383 15555
612 2324 731 2404 quidem
749 2325 916 2384 observatio
933 2324 1072 2397 1111151115,
1095 2343 1161 2384 oum
1176 2327 1250 2385 heeo
1262 2330 1331 2402 post

250 2429 342 2488 unius
356 2428 419 2486 fere
435 2427 545 2486 mensis
562 2428 689 2504 spolium
707 2429 743 2486 51
765 2429 891 2486 eundem
909 2427 982 2486 55511
1000 2427 1098 2486 looum
1113 2428 1230 2501 redeat,
1252 2430 1331 2487 unde

256 2531 352 2608 primo
376 2531 486 2590 mensis
509 2531 556 2589 dio
578 2530 712 2606 profecte
735 2535 792 2602 est,
823 2530 867 2590 115
886 2535 920 2590 51
942 2549 1043 2589 omnes
1067 2549 1183 2590 menses
1205 2531 1330 2590 similem

257 2633 320 2693 5155
336 2636 487 2710 aspeotum
503 2633 666 2708 praebeant
686 2632 755 2710 (IX,
778 2637 824 2706 15,
847 2632 907 2709 15).

341 2736 425 2796 11555
446 2734 599 2813 Polybius.
643 2735 727 2799 Quae
753 2736 852 2794 omnio
875 2740 944 2795 5551
967 2735 1056 2794 nimis
1081 2735 1212 2795 breviter
1235 2737 1330 2813 expli-

255 2844 327 2914 5515,
351 2860 417 2900 oum
434 2839 514 2918 quod
529 2839 562 2897 in
578 2843 642 2898 tote
660 2857 693 2897 re
708 2859 853 2898 summum
868 2843 914 2898 est
926 2838 1014 2915 plane
1032 2837 1222 2898 desideretur.
1254 2840 1330 2898 Nam

256 2962 331 3024 quae
346 2943 466 3002 tandem
480 2942 556 3001 ratio
572 2941 652 3000 inter
667 2941 738 3001 solis
753 2940 879 3002 lunaeve
899 2947 996 3001 motus
1012 2949 1042 3001 et
1057 2942 1170 3001 dierum
1185 2944 1330 3002 55511515-

255 3065 293 3107 ve
314 3044 516 3122 longitudines
538 3044 717 3118 1515555151,
740 3065 801 3104 555
820 3045 909 3118 dixit,
933 3045 1017 3124 quasi
1032 3049 1187 3104 vereretur
1207 3063 1246 3104 ne
1267 3063 1329 3104 rem

256 3249 369 3311 νυκτῶν
386 3252 435 3311 1115
452 3255 545 3311 toturn
559 3269 623 3310 rem
641 3251 833 3311 oonfundunt.
878 3252 941 3310 Neo
958 3251 1121 3327 putendum
1139 3255 1192 3324 551,
1214 3253 1330 3310 textum

256 3358 427 3430 corruptum
443 3371 521 3427 esse,
544 3373 611 3413 oum
626 3353 714 3414 155115
731 3353 936 3430 intellegetur,
958 3353 1054 3430 ipsum
1069 3354 1146 3412 hano
1161 3353 1331 3412 universam

257 3457 474 3536 expositionem
499 3457 672 3537 oeteroquin
695 3462 755 3517 tem
778 3457 885 3517 olerum
905 3456 1121 3536 diluoidemque
1144 3474 1221 3528 esse,
1249 3455 1330 3514 ntis

255 3561 289 3620 15
309 3560 456 3619 lubrioum
480 3561 635 3620 deourrere
653 3559 801 3634 videatur,
825 3560 876 3640 qui
893 3560 926 3618 in
942 3560 997 3618 huo
1013 3563 1097 3619 15515
1110 3559 1269 3618 verborum
1285 3557 1330 3616 in-

255 3663 395 3739 tegritate
411 3663 581 3723 oonieoturs
597 3663 709 3744 aliquid
727 3665 899 3723 mutandum
919 3662 1064 3738 opinetur.
1108 3660 1243 3740 Antiqua
1258 3677 1330 3720 vero

257 3785 334 3846 quae
356 3767 544 3843 appellentur
561 3772 717 3843 oxoerpte,
747 3765 855 3846 quibus
875 3767 957 3825 loous
974 3767 1010 3824 de
1028 3783 1086 3845 quo
1104 3763 1272 3844 quaerimus
1293 3763 1330 3821 51

256 3874 388 3929 nostrum
404 3867 574 3928 memoriam
596 3867 749 3945 pervenit,
772 3888 832 3927 non
850 3887 885 3926 55
900 3867 1015 3927 ratione
1030 3867 1110 3926 15515
1131 3870 1213 3939 sunt,
1236 3869 1270 3924 51
1287 3864 1343 3954 uil-

257 3971 316 4032 nisi
341 3990 405 4031 rem
430 3991 448 4030 5
474 3972 617 4049 seriptore
642 3971 818 4031 illustratum
846 3975 1013 4043 servarent,
1046 3971 1096 4029 sed
1125 3969 1168 4045 (id
1191 3968 1270 4048 quod
1292 3984 1331 4026 ex

258 4075 390 4155 quinque
415 4074 519 4151 primis
541 4074 626 4133 libris
651 4075 779 4151 5555151)
801 4075 856 4147 115,
879 4079 913 4134 51
935 4073 1030 4149 ipsam
1047 4070 1167 4149 Polybii
1184 4070 1329 4130 narratio-

257 4195 325 4238 nem
339 4179 377 4238 sd
394 4179 519 4240 verbum
534 4178 681 4252 integrum
701 4177 788 4238 nobis
806 4179 964 4238 truderent
1009 4175 1155 4239 Quooiroo
1170 4191 1209 4234 ne
1226 4190 1327 4234 exser-
