3014 4732
700 271 702 274 ’
773 297 816 368 se

254 469 325 512 vero
349 471 537 514 numerorum
560 460 669 529 genere
693 454 782 531 plene
801 453 888 515 aliter
911 453 1134 518 diiudicandum
1157 460 1210 517 est.
1253 457 1328 517 Nem

255 558 377 627 constet,
404 555 558 634 Polybium
574 557 623 617 hio
639 557 844 619 Eratosthenis
859 576 1010 618 mensures
1024 577 1119 636 poene
1135 577 1237 619 omnes
1252 579 1329 620 coru·

254 660 401 735 probasse.
446 659 553 739 Itaque
577 662 678 720 endem
703 661 818 720 ratione
840 666 929 740 utque
946 662 1151 724 Artemidorus
1169 663 1329 722 urbitrutus

254 766 314 832 est,
337 762 443 820 debere
463 781 494 821 se
514 761 546 820 in
563 761 653 822 Asiae
676 761 781 839 spetile
803 761 978 824 emetiendis
995 766 1222 825 Eratosthenem
1243 764 1329 844 sequi

254 862 324 940 (Str.
340 866 423 941 663),
446 867 526 944 quod
542 865 621 924 idem
638 865 671 923 in
687 864 807 924 Africae
821 865 993 941 regionibus
1008 867 1114 928 fecisse
1131 867 1258 928 videtur.
1291 870 1328 927 In

254 966 337 1056 ααςτὶἱ
355 965 484 1046 deniqne
510 967 626 1044 generis
650 968 796 1028 mensuris
812 967 1017 1028 Eratosthenis
1036 987 1174 1029 numeros
1190 969 1233 1030 ite
1250 987 1331 1029 reee-

254 1068 308 1146 pit,
330 1074 364 1128 ut
379 1088 481 1129 omues
496 1070 595 1147 paullo
610 1069 767 1130 minueret
811 1069 898 1134 Quod
916 1089 968 1131 our
986 1072 1099 1146 fecerit,
1121 1072 1258 1152 equidem
1274 1089 1328 1150 pro

254 1176 334 1232 certo
355 1171 503 1232 offirmare
525 1190 585 1231 non
608 1191 735 1250 possum.
779 1179 782 1186 ’

340 1275 402 1334 Iem
419 1294 490 1334 vero
514 1294 657 1354 quaenam
674 1274 794 1352 Polybii
809 1275 842 1335 in
859 1275 1006 1335 mensuris
1027 1276 1150 1352 agendis
1173 1277 1247 1338 retio
1265 1277 1329 1336 lue-

254 1377 308 1451 rit,
338 1383 401 1438 tote
417 1395 482 1437 mee
500 1377 687 1454 expositione
707 1398 768 1439 non
790 1377 862 1438 setis
884 1383 1072 1456 perspectum
1091 1378 1131 1438 iri
1154 1384 1242 1456 puto,
1270 1378 1329 1438 nisi

255 1501 349 1558 pauca
369 1485 399 1540 et
414 1481 450 1540 de
465 1479 623 1540 itineribus
641 1478 722 1540 etde
742 1479 847 1542 ceteris
864 1461 1005 1553 fontibus,
1027 1499 1066 1540 ex
1077 1481 1192 1560 'quibus
1209 1501 1329 1558 geogra-

256 1583 358 1661 phicae
380 1601 427 1642 res
449 1582 563 1657 hausit,
585 1583 752 1643 adiecerim.
915 1591 917 1596 “
1151 1589 1154 1592 ’

339 1686 491 1746 Itinera
512 1685 641 1763 primum
658 1677 806 1762 permulta
820 1661 964 1762 l'olybius
980 1688 1011 1745 et
1028 1688 1065 1746 ed
1081 1685 1147 1764 ipsu
1163 1686 1262 1746 studio
1276 1705 1323 1745 ox·

254 1787 403 1864 pediendc
422 1795 453 1849 et
476 1790 512 1848 ad
534 1789 592 1850 elie
609 1789 659 1849 rel
679 1787 869 1866 imperatorie
887 1789 938 1848 vel
960 1788 1080 1866 publicu
1100 1789 1218 1864 negotiu
1239 1789 1325 1850 confi·

254 1891 358 1950 cienda
375 1891 520 1969 suscepit,
543 1910 634 1972 quere
659 1897 790 1964 stetuee,
813 1910 900 1970 quam
925 1890 1006 1951 cives
1030 1889 1058 1948 ei
1076 1891 1255 1970 Megalopoli
1276 1912 1328 1970 po·

253 2000 389 2069 suerent,
410 2013 528 2054 carmen
544 1994 619 2052 illud
636 1993 834 2070 subscriptum
851 1998 930 2067 eret,
952 2013 1010 2072 quo
1026 1994 1082 2052 hec
1097 1993 1225 2054 maxime
1242 1994 1328 2054 lande

254 2097 417 2157 celebratus
432 2104 485 2170 est,
505 2087 545 2168 αἱς
560 2092 609 2155 ἐπὶ
627 2096 681 2178 γῆν
696 2093 746 2154 καὶ
762 2088 915 2156 θάλατταν
930 2096 1032 2156 πᾶσαν
1047 2096 1213 2172 πλανηθείη
1228 2097 1326 2175 (Pons.

254 2198 331 2258 VIII
337 2245 344 2274 ,
369 2206 421 2273 30,
446 2199 485 2279 8).
529 2200 569 2258 Et
586 2200 718 2277 profecto
737 2199 855 2276 saepius
871 2218 977 2276 megne
1000 2200 1157 2280 verborum
1175 2199 1261 2276 copie
1277 2217 1330 2258 ex·

253 2301 362 2381 posuit,
384 2308 418 2362 ut
435 2293 641 2362 αὐτοπάθειαν
659 2303 695 2361 ub
712 2301 871 2375 historicis,
894 2302 937 2362 sic
953 2301 1161 2379 ugeogruphis
1179 2295 1331 2377 αὐτοψίαν

214 2455 223 2466 ,
254 2403 318 2464 sive
344 2399 447 2484 ὅρασιν
471 2405 552 2465 omni
576 2399 653 2490 ἀκοῇ
677 2405 822 2484 praeferri
846 2407 953 2465 debere
982 2404 1088 2483 (XXI,
1115 2409 1168 2477 15,
1193 2409 1221 2464 8.
1255 2404 1329 2478 XII,

256 2508 294 2567 27
307 2527 372 2587 sqq.
395 2513 433 2567 25
443 2510 509 2567 d-
519 2513 557 2568 25
569 2509 607 2586 e).
651 2511 688 2568 In
704 2509 752 2569 his
771 2509 864 2586 igitur
880 2508 1038 2568 itineribus
1053 2507 1145 2567 multe
1165 2507 1261 2582 spatie
1277 2512 1330 2566 ant

253 2611 319 2688 ipse
338 2610 487 2670 oculorum
510 2610 621 2670 iudicio
644 2630 779 2670 emensus
797 2616 857 2684 est,
878 2615 931 2670 eut
948 2629 1085 2670 numeros
1103 2629 1142 2668 ex
1161 2610 1249 2668 certis
1263 2609 1329 2669 riu-

254 2733 319 2775 rum
345 2711 530 2790 publicorum
554 2713 700 2774 mensuris
725 2713 854 2790 collegit.
905 2714 953 2771 ldx
977 2712 1085 2792 quibus
1110 2731 1159 2771 eos
1183 2730 1329 2784 numeros,

255 2815 308 2895 qui
328 2821 399 2877 suut
419 2815 530 2876 maiore
555 2817 701 2892 pondere,
730 2815 789 2876 iem
808 2815 948 2886 hectuvi3
979 2814 1107 2875 minores
1133 2819 1244 2887 eutem,
1275 2813 1330 2893 qui

254 2919 292 2978 ud
316 2916 425 2994 exigue
447 2921 562 2978 tuntum
579 2917 738 2978 intervella
759 2917 927 2994 pertinent,
948 2917 1007 2977 iem
1030 2916 1244 2976 enumsmtioni
1267 2916 1329 2976 sin·

255 3022 389 3097 gulerum
405 3040 478 3101 ques
493 3020 571 3082 vidit
584 3026 729 3082 terrerum
743 3020 811 3080 ideo
828 3020 962 3094 odicium,
984 3021 1063 3100 quod
1078 3019 1148 3079 inde
1164 3019 1328 3097 apparebit,

254 3125 355 3201 plures
372 3143 438 3184 eum
461 3125 498 3184 do
519 3123 558 3184 iis
582 3123 752 3199 regionibus
770 3123 916 3201 posuisse,
946 3141 1019 3203 ques
1038 3123 1103 3200 ipse
1126 3128 1328 3198 perscrutatus

256 3233 315 3300 est,
338 3247 426 3306 quum
444 3229 480 3288 de
496 3226 546 3300 iis,
569 3246 642 3306 ques
658 3229 860 3288 tantummodo
878 3246 917 3286 ex
935 3227 1059 3287 ullorum
1079 3225 1165 3286 libris
1181 3224 1327 3301 coguovit

255 3331 310 3390 Est
328 3329 421 3406 igitur
442 3329 585 3407 Polybius
607 3329 774 3407 profectus:

342 3434 365 3493 1.
388 3433 445 3493 Per
461 3433 719 3510 Peloponnesi
740 3435 860 3494 urbes.
904 3431 1084 3508 Megalopoli
1098 3431 1178 3490 enim
1194 3449 1260 3490 oum
1275 3449 1329 3491 uo·

256 3534 400 3596 bilissimo
423 3536 487 3596 loco
503 3541 591 3596 nutus
609 3541 703 3608 esset,
729 3537 764 3596 in
778 3538 965 3596 Achaeorum
980 3533 1150 3610 principum
1164 3551 1286 3593 numero
1302 3534 1330 3594 si

256 3658 317 3700 non
333 3638 464 3699 omnium
480 3643 511 3700 et
526 3643 605 3700 certe
620 3639 828 3719 plerorumque
843 3637 893 3699 rel
911 3635 1015 3714 populi
1031 3636 1202 3697 contionum
1218 3635 1269 3697 rel
1283 3655 1330 3696 se·

256 3747 344 3803 uetus
365 3742 563 3802 consultorum
587 3741 736 3819 pertieeps
757 3739 849 3800 fuisse
865 3741 993 3800 ridetur.
1038 3737 1121 3802 Ques
1144 3739 1329 3820 quondoqui-

258 3845 324 3904 dem
342 3849 404 3903 tum
425 3844 458 3904 in
472 3847 527 3904 hec
544 3850 607 3904 tum
622 3845 656 3904 in
670 3844 723 3904 illu
737 3846 811 3904 urbe
826 3842 891 3902 deri
909 3843 1044 3902 solebant
1061 3839 1158 3919 (velut
1172 3840 1261 3918 Aegii
1276 3841 1329 3916 IV,

222 3937 225 3944 '
259 3951 309 4020 uo,
322 3948 350 4008 r.
372 3947 507 4008 corinthi
518 3948 571 4020 lv,
587 3951 637 4006 cs.
658 3947 840 4019 xxxvm,
855 3951 884 4018 4,
900 3952 927 4005 2.
950 3945 1110 4017 me,
1126 3950 1153 4004 e.
1175 3944 1332 4018 ΧΧΧΙΠ,

262 4054 359 4122 ls‚2.
392 4049 518 4128 Sicyone
536 4049 636 4122 XXV,
656 4053 731 4122 1‚5.
767 4047 948 4125 Megalopoli
963 4047 1081 4121 XXIV,
1101 4050 1156 4120 12,
1176 4048 1243 4125 12),
1268 4046 1330 4106 iem

258 4151 329 4218 inde
343 4152 496 4232 probabile
511 4157 570 4226 est,
592 4171 660 4212 eum
675 4155 767 4214 totum
783 4151 1026 4229 Peloponnesum
1037 4148 1156 4212 vidisse.
1200 4147 1331 4213 Quodsi
