3014 4732
693 333 734 400 37

176 489 355 552 testimoniis
379 487 566 565 cognovisse,
596 490 647 550 sed
670 489 732 550 suis
755 488 849 567 ipsius
869 487 962 550 oculis
980 486 1104 560 vidisse,
1133 483 1251 547 55555151

177 593 221 654 511
237 595 273 652 dc
287 591 468 653 hooritinero
483 591 625 653 traditum
640 591 687 652 sit
731 593 807 652 Nam
822 589 964 652 facillime
978 591 1016 650 ad
1031 589 1159 650 Pontum
1183 608 1251 665 pro·

176 697 269 758 ficiaci
286 695 392 774 potuit,
414 713 480 754 cum
495 714 513 754 a
530 694 653 754 Graecia
673 698 724 755 aut
739 695 844 754 'ardes
861 699 914 754 aut
927 692 1139 753 Alexandriam
1156 695 1252 752 trans·

176 802 355 878 graderetur.
398 801 443 859 Aa
461 799 567 871 rerba,
589 797 697 878 quibus
712 798 820 858 claram
835 797 918 858 illam
935 816 970 856 ac
985 815 1122 872 magnam
1135 795 1250 872 Byzan·

175 903 213 964 tii
235 901 384 981 Pontique
412 899 642 976 descriptionem
665 901 835 973 exorditur,
866 899 938 960 satis
968 899 1044 958 clare
1073 897 1251 976 scriptorum

177 1005 396 1065 narrationibus
426 1003 558 1080 ipsarum
587 1003 742 1078 regionum
755 1059 758 1066 ,
771 1009 922 1080 aspertum
952 1005 1116 1079 opponunt.
1167 999 1251 1064 Quae

177 1110 269 1168 verba
290 1107 355 1186 (IV,
379 1111 429 1180 38,
453 1110 488 1166 11
502 1105 581 1185 sqq.)
604 1112 673 1166 sunt
688 1109 777 1166 hacc:
801 1102 864 1184 irtel
880 1099 912 1164 δὲ
929 1096 1011 1183 παρὰ
1027 1106 1091 1174 τοῖς
1105 1101 1251 1173 πλείστοις

177 1204 354 1291 ἄγνοεῖσθαι
369 1204 525 1285 συνέβαινε
541 1201 595 1285 τὴν
620 1202 752 1286 ἰδιότὴτα
776 1205 827 1269 καὶ
844 1200 898 1285 τὴν
916 1201 1046 1284 εὐφυΐαν
1068 1207 1124 1267 τοῦ
1143 1199 1249 1276 τόπου,

178 1306 229 1374 διὰ
242 1306 277 1373 τὸ
290 1305 397 1392 μικρὸν
413 1307 469 1383 ἔξω
484 1313 604 1372 κεῖσθαι
619 1313 685 1396 55151
695 1307 957 1389 ἐπισκοπουμένων
970 1311 1068 1390 pepoiv
1083 1309 1137 1387 τῆς
1151 1305 1250 1370 οἰκου-

178 1412 283 1494 μένης,
306 1407 480 1492 βουλόμεθα
502 1409 535 1473 δὲ
558 1407 666 1485 πάντες
690 1411 799 1475 εἰδέναι
822 1407 858 1474 osi
881 1415 1022 1487 τοιαῦτα,
1052 1407 1104 1472 nul
1128 1405 1251 1489 μάλιστα

178 1513 230 1596 piu
254 1511 401 1577 αὐτόπται
416 1514 572 1597 γίγνεσθαι
586 1517 648 1576 τοῖν
671 1553 714 1564 -
737 1512 853 1590 τόπων,
875 1512 906 1576 εἰ
926 1507 1018 1592 61μή
1038 1508 1183 1586 δυνατόν,
1207 1509 1252 1572 ἒν-

178 1620 261 1692 νοίας
270 1640 304 1700 γε
315 1617 367 1680 aul
377 1613 493 1689 τύπους
503 1615 578 1697 ἔχειν
595 1617 625 1680 ἐν
642 1612 743 1692 αὑτοῖς
759 1612 801 1691 οἷς
815 1617 931 1700 ἔγγιστα
946 1619 1000 1696 τῆς
1014 1609 1156 1694 diadema
1170 1618 1250 1678 5551.

176 1727 285 1802 Itaque
307 1742 373 1782 cum
387 1722 530 1801 Polybius
553 1722 586 1782 in
602 1723 650 1783 his
664 1723 765 1787 verbis
780 1723 819 1783 iis
836 1724 1024 1795 adversetur,
1048 1720 1100 1801 qui
1116 1719 1253 1796 regiones

177 1831 239 1886 tam
262 1825 365 1902 procul
388 1824 459 1885 sitas
485 1825 641 1902 explorare
666 1847 726 1886 non
750 1831 802 1887 aut
824 1830 946 1903 possent
970 1829 1021 1885 aut
1041 1822 1170 1897 vellent,
1197 1841 1252 1900 pro

178 1932 259 1988 corto
275 1927 415 1988 affirmari
433 1929 535 2001 debet,
557 1947 624 1988 eum
641 1927 740 2005 ipsum
764 1929 802 1988 ad
817 1927 993 2006 Byzantium
1018 1946 1052 1987 ao
1066 1925 1157 1986 Ponti
1172 1944 1253 1985 oram

178 2031 342 2107 proiectum
364 2049 436 2092 esse.
479 2030 572 2090 Porro
598 2050 668 2090 num
686 2031 760 2091 alias
776 2049 894 2111 qnoque
910 2028 1155 2105 Asiacrregiones
1169 2027 1253 2089 vida·

179 2131 221 2191 rit
241 2132 336 2210 (velut
350 2135 474 2194 tortasse
490 2133 613 2210 Lyciam
627 2139 658 2194 et
672 2135 826 2194 Rhodum:
848 2133 927 2194 Plin.
944 2131 1070 2204 XXXI,
1093 2135 1167 2205 1313
1188 2131 1253 2191 Pol.

178 2235 269 2306 XVI,
295 2235 347 2310 15,
370 2241 404 2310 8;
431 2239 521 2317 atque
538 2236 695 2314 Sinopam:
723 2238 787 2298 Pol
803 2238 857 2311 IV,
880 2241 935 2310 56,
959 2241 975 2295 5
997 2236 1072 2314 sq.)‚
1095 2233 1253 2294 diiudicari

178 2357 238 2398 nou
252 2343 361 2416 potest.
405 2341 610 2400 Mensurarum
628 2340 771 2420 denique,
794 2359 869 2420 quae
886 2339 982 2400 adhuc
999 2339 1170 2411 traduntur,
1191 2335 1254 2415 pri·

177 2460 240 2502 mas
261 2447 322 2504 tres
345 2449 393 2515 (o,
415 2439 451 2519 β,
475 2450 503 2522 γ)
526 2442 591 2521 ipse
608 2441 728 2516 iecisse,
751 2445 863 2502 5515555
878 2461 949 2502 varo
966 2443 1004 2501 ab
1019 2438 1254 2528 5111555τὶ515τὶ-

176 2543 233 2604 555
253 2543 396 2621 petivisse
417 2544 545 2605 ridetur.

214 2695 237 2730 σ.
257 2675 295 2731 Τὰ
317 2677 426 2745 statuo:
442 2681 492 2730 55
509 2681 577 2730 crau
594 2681 620 2728 sn
636 2681 721 2730 ronias
739 2681 800 2730 crus
955 2680 987 2728 ιο
999 2645 1044 2780 a}
1082 2627 1218 2772 HJJ}

214 2799 238 2868 β.
256 2801 286 2848 m
304 2800 390 2849 officia
408 2815 458 2848 σσσ
476 2801 602 2849 invenitur
619 2801 688 2862 regio
706 2815 768 2860 quae
785 2801 818 2850 su
835 2803 910 2862 roaga
955 2800 989 2848 ao
1002 2777 1022 2861 '‚,
1082 2799 1135 2846 1³01.
1155 2799 1210 2860 rur,

280 2934 284 2941 .
423 2885 426 2892 ’
834 2887 884 2934 uu
955 2885 988 2934 ao
1006 2919 1021 2947 ‚‚
1110 2887 1151 2944 ao,
1169 2887 1193 2933 2.

183 2979 186 2988 '
213 2985 237 3035 γ.
256 2970 382 3020 Seleuciae
400 2971 577 3033 hippodromus
595 2972 626 3020 ab
643 2973 698 3034 ipsa
714 2972 776 3020 urbe
792 2973 864 3021 abest
896 2967 955 3035 περὶ
972 2973 988 3019 5
1006 2967 1047 3036 „t
1067 2970 1120 3018 Pol.
1129 2970 1161 3030 V,
1174 2971 1214 3029 59,
1230 2974 1252 3019 1.

213 3058 237 3108 5.
255 3057 329 3118 uage
346 3057 436 3106 monas
454 3049 579 3124 ἀνάβασις
591 3073 607 3106 a
618 3059 700 3106 1555
711 3059 834 3118 surlange
859 3053 925 3122 πρὸς
938 3059 987 3106 1oo
1005 3090 1021 3118 ‚2
1038 3052 1047 3122 1
1066 3058 1119 3105 ror.
1132 3057 1162 3117 y,
1174 3059 1217 3116 44,
1231 3059 1254 3106 r.

214 3155 234 3192 σ.
253 3143 318 3190 uasa
329 3143 419 3190 monus
431 3133 557 3210 ἀνάβασις
573 3144 702 3192 annua
713 3145 836 3204 σσσισσςσ
867 3139 926 3208 περὶ
938 3146 988 3193 555
1005 3177 1021 3203 ,,
1039 3141 1047 3207 y
1066 3142 1162 3202 boux,
1176 3146 1216 3203 oo,
1230 3145 1252 3192 a.

216 3231 236 3290 ε.
255 3229 369 3308 satyra
386 3229 477 3278 monus
494 3230 520 3277 in
537 3231 678 3280 rausum
694 3231 735 3280 siti
752 3223 896 3296 πρόσβασις
919 3303 936 3329 Ἄ
956 3317 987 3364 15

857 3314 934 3380 ull-ry

1007 3243 1045 3379 n}
1066 3280 1120 3328 1³01.
1132 3280 1217 3339 uro,
1230 3283 1253 3330 o.

214 3403 240 3462 η.
258 3398 329 3446 Arois
347 3373 547 3460 Persepolitauas
564 3394 709 3465 περιγραφὴ
865 3395 957 3466 σχεδὸν
976 3401 990 3448 t
1009 3434 1024 3461 ‚,
1042 3398 1050 3468 1
1068 3399 1121 3447 Pol
1131 3400 1163 3459 X,
1176 3401 1216 3458 2⁷,
1230 3401 1254 3449 9.

264 3486 375 3545 Multas
391 3485 485 3562 igitur
500 3492 609 3562 terras,
631 3489 683 3546 sed
701 3487 858 3566 pleresque
874 3487 908 3546 in
925 3486 1157 3547 occidentalibus
1174 3485 1255 3546 orbis

180 3591 325 3648 terrarum
345 3587 480 3666 partibus
498 3589 571 3650 sitas
586 3589 729 3667 Polybius
743 3589 902 3649 itineribus
916 3589 1043 3650 intravit
1064 3609 1098 3650 aa
1118 3608 1254 3665 magnam

180 3691 252 3751 inde
268 3691 392 3766 gloriam
406 3711 437 3751 sa
459 3693 634 3770 adepturum
651 3712 714 3752 csso
737 3692 890 3770 speravit
920 3697 966 3753 Ac
982 3693 1115 3771 Pythone
1132 3693 1255 3770 expedi·

179 3793 257 3855 tioni
282 3794 371 3853 fidem
394 3793 549 3871 abrogavit
570 3796 644 3872 (111,
668 3801 721 3867 88,
747 3801 820 3874 lsq.
862 3794 919 3855 Str.
942 3796 1029 3875 104),
1049 3795 1255 3855 Eratosthenis

181 3901 280 3956 autem
303 3897 473 3958 auctoritati
494 3897 527 3956 in
548 3898 619 3957 Asia
643 3898 836 3958 describenda
856 3898 945 3958 cessit
965 3898 1034 3975 (Str.
1052 3898 1134 3976 663).
1178 3899 1254 3958 Nam

181 3999 218 4058 ab
236 3997 304 4071 illo,
328 4017 416 4078 quem
431 4001 516 4080 quasi
532 4020 650 4062 suarum
665 4001 760 4077 ipsius
778 4001 910 4062 laudium
926 4001 1102 4078 gravitatem
1121 4001 1254 4062 minuere

181 4097 274 4173 vidit,
297 4102 435 4180 quoniam
458 4103 509 4163 hio
532 4123 650 4184 quoqne
667 4103 776 4164 itinera
791 4106 829 4164 ad
848 4104 1030 4164 occidentem
1050 4122 1153 4164 versus
1168 4103 1254 4164 fecis-

181 4207 242 4277 set,
264 4221 316 4264 cae
333 4207 429 4267 terrac
446 4207 611 4285 descriptae
628 4213 726 4282 erant,
749 4225 821 4286 quas
835 4206 978 4286 Polybius
995 4224 1146 4287 nunquam
1165 4207 1253 4282 adlit3
