3014 4732
768 285 788 351 6

239 433 358 514 τισμίνη
388 429 464 498 κατοί
494 437 589 514 μίλιον
618 435 670 498 καί
701 437 940 518 κατεστηλωμίνη
972 437 1055 518 μέχρι
1083 438 1233 517 Κυψίλιον
1262 437 1312 500 καί

239 535 358 620 Ἕβρου
375 544 526 616 ποταμοῦ·
556 543 660 618 μιλίων
683 535 709 602 δ’
728 541 787 604 ἔστί
812 544 1011 604 πεντακοσίων
1033 538 1192 621 τριάκοντα
1213 541 1313 603 πέντε·

239 640 415 726 λογιζομένῳ
435 641 484 718 δι’,
509 636 550 714 οἷς
568 641 621 720 μὲν
637 643 669 704 oi
689 645 806 718 πολλοί,
836 639 869 707 td
888 647 983 722 μίλιον
1006 640 1202 707 ὄκταστοίδιον
1217 667 1314 726 τετρα-

240 745 375 823 κισχίλιοι
398 739 437 805 δν
462 739 519 806 τίεν
539 743 653 808 στάδιοι
674 745 725 806 καί
750 742 795 808 ἐπ’
813 743 918 818 αὐτοῖς
944 742 1091 808 διακόσιοι
1116 743 1314 830 ὀγδοήκοντα,

240 840 284 918 οἱς
308 844 339 907 δὲ
360 843 511 927 Πολύβιος
533 848 705 928 προστιθείς
729 853 769 930 τῷ
794 845 978 933 δκτασταδίῳ
1002 849 1180 930 δίπλεθρον,
1211 846 1229 912 ὅ
1255 849 1316 912 ἐστι

240 950 339 1030 τρίτον
355 951 490 1023 σταδίου,
514 950 697 1031 προσθετέον
714 946 819 1023 ίίλλους
836 951 975 1023 σταδίους
991 947 1098 1013 ἕκατδν
1114 947 1316 1031 ἑβδομήκοντα

241 1048 337 1126 ὄκτοί,
370 1047 402 1114 sd
429 1053 527 1130 τρίτον
551 1057 605 1114 τοῦ
628 1057 687 1114 τῶν
710 1055 813 1132 μιλίων
840 1050 984 1132 ἀριθμοῦ.
1031 1056 1080 1134 (of.
1105 1059 1239 1118 Chresth.
1258 1057 1315 1118 Str.

241 1158 310 1230 VII,
333 1163 380 1216 49.
425 1160 585 1218 Adduntur
598 1179 626 1236 p.
644 1163 704 1217 323
726 1161 815 1219 haee:
837 1159 918 1234 μίλια
934 1151 960 1217 δ’
978 1155 1037 1218 ἐστί
1054 1195 1096 1202 -
1114 1161 1206 1220 soah
1224 1161 1316 1237 Apol-

240 1259 322 1319 lenio
340 1261 377 1319 ad
392 1261 629 1320 Thessalonicam
643 1295 694 1335 -,
718 1257 792 1337 φησί
809 1255 968 1337 Πολύβιος,
992 1263 1083 1320 ταῦτα
1099 1255 1237 1322 διακόσια
1252 1255 1316 1338 ἑξή-

241 1381 333 1422 κοντα
350 1357 444 1432 ἕπτοί.)
489 1363 625 1424 Alterum
642 1362 684 1439 (d)
707 1366 785 1440 apud
805 1367 931 1424 eundem
956 1363 1019 1443 (lib.
1038 1365 1111 1438 VII,
1133 1365 1170 1424 fr.
1190 1364 1243 1443 57>
1265 1383 1316 1425 ex·

242 1470 301 1526 tat:
330 1458 392 1524 ἆπὸ
415 1461 447 1524 δὲ
461 1459 577 1545 Ἕβρου
594 1463 644 1525 καί
667 1463 816 1541 Κυψίλων
834 1465 875 1536 είς
892 1460 1055 1540 Βυζάντιον
1073 1463 1156 1546 μέχρι
1173 1464 1317 1528 Κυανέων

155 1634 157 1638 .
243 1567 394 1644 τρισχίλιοι
411 1563 530 1642 ἑκατόν,
553 1562 594 1638 δίς
613 1586 705 1645 φησιν
722 1561 951 1647 Ἀρτεμίδωρος·
975 1562 1007 1628 td
1027 1564 1059 1628 δὲ
1083 1563 1203 1645 σύμπαν
1222 1573 1316 1646 μῆκος

243 1664 304 1730 αἰπδ
323 1663 430 1730 Ἰονίου
445 1665 559 1731 κόλπου
573 1672 627 1730 τοῦ
643 1663 719 1730 κατοί
734 1662 932 1729 Ἀπολλωνίαν
947 1667 1030 1749 μέχρι
1052 1670 1215 1744 Βυζαντίου
1231 1669 1312 1732 ἕπτα-

245 1773 379 1850 ιιισχίλιοι
403 1769 568 1850 τριακόσιοι
595 1772 700 1833 εἴκοσι’
731 1772 911 1851 προστίθησι
934 1766 959 1830 δ’
987 1765 1004 1832 o‘
1024 1767 1175 1850 Πολύβιος
1194 1772 1245 1833 καί
1270 1768 1314 1834 tt-

244 1877 314 1946 λους
336 1871 440 1936 ἕκατδν
463 1871 663 1956 ὀγδοήκοντα,
687 1870 719 1933 sd
738 1874 837 1952 τρίτον
858 1877 911 1935 τοῦ
934 1875 1057 1944 σταδίου
1078 1870 1316 1955 προσλαμβάνων

244 2083 358 2142 dioibus
381 2083 452 2160 (III,
473 2087 522 2156 39,
546 2081 577 2158 8)
598 2081 766 2141 invenitur:
788 2080 880 2138 ταῦτα
897 2073 954 2158 γοίρ
971 2083 1025 2140 νῦν
1041 2075 1251 2158 βεβημοίτισται
1267 2079 1318 2142 καί

245 2183 437 2259 σεσημείωται
453 2176 529 2242 κατὰ
546 2181 683 2252 σταδίους
699 2175 777 2241 dorsi
795 2176 844 2241 διαί
857 2174 1009 2258 Ῥωμαίων
1024 2181 1177 2259 ἐπιμελῶς.
1213 2185 1319 2245 Strabo

243 2287 336 2363 igitur
351 2286 397 2345 bis
415 2294 445 2355 (α
463 2291 493 2346 et
509 2283 539 2363 β)
557 2285 702 2359 narravit,
725 2286 884 2364 Polybium
900 2285 1017 2346 tertiam
1038 2287 1125 2346 stedii
1146 2292 1259 2363 portem
1282 2288 1318 2347 ad

245 2395 311 2450 ooto
336 2390 431 2449 stadia
453 2390 542 2466 plene
564 2390 725 2463 addidisse,
754 2393 789 2449 ut
810 2389 891 2448 mille
916 2408 1020 2466 pessus
1044 2390 1213 2466 compleret.
1262 2390 1319 2450 Sed

244 2491 325 2550 aliud
343 2499 382 2569 (γ)
400 2494 478 2568 apud
495 2493 594 2569 ipsum
611 2493 770 2571 Polybium
785 2491 918 2568 legimus,
941 2493 1020 2572 quod
1036 2512 1095 2572 qua
1110 2492 1143 2550 in
1158 2512 1191 2552 re
1206 2511 1224 2552 a
1238 2491 1317 2552 Stre-

245 2593 332 2654 bonis
348 2596 449 2655 verbis
466 2595 605 2669 discedet,
628 2596 739 2672 optime
756 2594 803 2654 his
820 2592 985 2654 rationibus
1001 2595 1190 2672 perspiouum
1205 2595 1276 2654 erit:

470 2749 519 2798 600
536 2749 611 2809 pedes
629 2748 711 2809 graeei
728 2749 772 2806 (=
792 2747 893 2806 lstad.)
911 2765 945 2787 =
964 2747 1013 2795 600
1030 2747 1085 2808 ped.
1104 2763 1165 2794 rom.

684 2875 766 2934 itaque
784 2875 810 2921 M
826 2889 891 2936 poss.
910 2895 944 2916 =
963 2833 1030 2966 ὗὲἒὲ
1047 2895 1082 2917 ==
1099 2876 1132 2944 Β),
1144 2875 1206 2922 stad.
1317 2932 1320 2941 Ι

459 3003 521 3201 ρ600
538 3005 613 3066 pedes
631 3003 719 3064 groeci.
731 3005 776 3064 (=
795 3003 896 3063 lstod.)
913 3023 948 3044 =
966 3004 1016 3054 625
1033 3004 1089 3064 ped.
1107 3017 1170 3052 rom.

393 3103 409 3153 Υ

686 3132 769 3191 ioque
786 3131 813 3178 Μ
830 3144 895 3192 poss.
913 3151 947 3171 =
965 3089 1033 3222 ξὲἕὲ
1050 3151 1085 3171 =
1102 3130 1192 3178 dated.

248 3311 379 3376 Quarum
403 3312 552 3372 rationum
576 3317 643 3372 utre
668 3332 739 3372 usus
761 3280 802 3372 'sit
823 3311 981 3390 Polybius,
1011 3311 1172 3374 diiudicare
1199 3310 1319 3370 difficile

248 3433 312 3476 esse
328 3415 454 3476 videtur.
498 3415 556 3474 Sed
571 3416 629 3474 hoo
645 3421 724 3474 certe
741 3420 872 3492 apparet,
895 3416 919 3474 si
935 3415 1056 3493 Polybii
1069 3416 1162 3474 verbo
1179 3421 1217 3494 (y)
1234 3414 1319 3474 omit·

248 3520 353 3591 timus,
375 3517 481 3591 iniis,
507 3537 581 3597 quoe
598 3517 703 3578 Strabo
726 3519 870 3595 prodidit,
892 3519 937 3577 nil
958 3537 1022 3578 osse
1045 3519 1124 3597 quod
1145 3518 1178 3577 in
1197 3516 1320 3576 dubium

249 3672 348 3736 vooari
369 3671 471 3748 possit.
515 3671 591 3729 Nam
608 3691 748 3730 numeros
769 3674 828 3728 180
845 3668 886 3746 (β)
912 3678 942 3730 et
962 3671 1021 3728 178
1048 3623 1114 3792 (μ
1130 3624 1190 3780 53?
1215 3671 1252 3730 of.
1275 3624 1317 3796 α)

247 3827 327 3888 inter
341 3844 372 3885 se
387 3824 459 3884 odeo
476 3843 537 3884 non
554 3825 720 3899 discrepare
735 3828 816 3899 puto,
839 3828 873 3884 ut
887 3828 1013 3903 uterque
1028 3825 1065 3882 eb
1082 3825 1184 3884 eodem
1199 3825 1320 3884 homine

248 3931 285 3990 do
302 3930 403 3988 eedem
426 3947 563 3987 mensura
579 3947 618 3986 ex
633 3926 751 4005 Polybii
774 3926 859 3986 libris
882 3927 957 3985 sumi
975 3927 1115 4003 potuerit.
1145 3930 1204 3986 λα
1225 3927 1250 3986 si
1272 3926 1319 3986 oui

247 4032 345 4092 minus
359 4029 512 4108 probabile
530 4034 587 4103 ost,
610 4030 707 4106 ipsum
722 4029 898 4089 Strabonem
915 4049 969 4105 pro
992 4031 1057 4087 1782
1069 4029 1171 4090 stadiis
1191 4033 1249 4088 180
1267 4049 1319 4106 po·

248 4134 350 4212 suisse,
372 4134 422 4196 bio
436 4138 536 4194 tamon
553 4133 702 4209 oonoodat,
726 4131 825 4192 omnis
839 4134 913 4194 haee
929 4134 1033 4206 verba,
1057 4133 1166 4212 quibus
1186 4135 1245 4190 180
1261 4135 1319 4192 ste·
