3014 4732
771 264 791 331 8

245 423 334 485 huius
350 424 417 485 viae
441 423 586 484 mensuris
609 421 837 482 commemorare
859 421 970 498 putuit,
994 439 1067 502 quas
1089 419 1208 500 quidem
1228 418 1316 496 plene

245 527 319 588 alias
332 527 437 602 fuisse,
459 526 507 586 his
526 545 601 606 quos
618 523 743 586 referam
760 525 891 583 numeris
909 524 980 584 satis
997 525 1218 600 comprobatur:
1308 569 1315 578 .

315 661 403 710 Strabo
420 677 444 724 p.
459 663 521 710 1786
552 676 568 708 a
584 661 719 722 Pyrenaeis
736 659 767 707 ad
784 659 941 724 Narbonem:
1107 660 1139 708 63
1158 655 1228 722 μίλια

553 745 702 794 aNarbone
719 746 751 793 ad
767 746 931 793 Nemausum:
1107 747 1139 793 88
1184 777 1199 803 „

553 847 569 879 a
585 833 709 880 Nemauso
727 832 758 878 ad
775 832 860 891 Aquas
878 831 988 880 Sextiasz
1108 832 1140 880 63
1184 823 1213 890 ‚‚'

555 919 586 968 ab
604 920 682 978 Aquis
701 918 789 968 Sextiis
807 920 839 974 ad
855 919 949 966 Varum
966 919 1040 966 fluu:
1108 919 1139 966 73
1184 950 1199 976 ,,

555 997 622 1062 ὧ’ςτε
638 1001 671 1055 τὰ
690 998 823 1068 σύμπαντα
840 1001 949 1069 γίνεταιε
1092 1003 1141 1052 277
1184 1035 1199 1061 ,,

557 1085 615 1141 ἔνιοι
632 1082 656 1142 δ’
673 1090 705 1138 ab
722 1091 877 1152 Aphrodisiis
894 1091 926 1138 ad
943 1090 1050 1138 Varum:
1076 1090 1142 1138 2600
1161 1084 1252 1140 στάδια

557 1173 581 1226 ol
598 1171 628 1228 ei
645 1172 690 1226 καὶ
707 1174 850 1234 διακοσίους
867 1173 1055 1240 aperturam:
1075 1177 1142 1224 6800
1193 1209 1209 1234 ,,

556 1257 622 1312 κατὰ
640 1255 670 1312 δὲ
687 1255 733 1324 τὴν
752 1257 839 1325 ἑτέραν
857 1255 917 1313 dedo
935 1261 997 1309 haec
1014 1266 1071 1309 sunt
1087 1261 1232 1309 intervalla:

426 1363 450 1410 p.
465 1349 528 1396 rie:
558 1348 709 1396 thodano
728 1331 759 1396 ad
776 1348 867 1410 Alpes:
1111 1343 1233 1411 6661166

496 1497 501 1502 ι
553 1447 599 1495 per
616 1433 718 1481 Vocont.
737 1435 777 1481 fin.
796 1434 827 1481 ad
846 1433 939 1482 Cottiae
956 1435 1049 1495 Alpes:
1109 1434 1146 1483 99·
1186 1465 1201 1492 ,,

556 1520 656 1581 Alpium
674 1511 811 1582 666ρὲ666
828 1520 860 1567 66
877 1519 992 1568 Ocelum:
1110 1519 1142 1568 99
1187 1551 1202 1578 ,,

558 1605 589 1652 ab
607 1604 682 1653 Ocelo
700 1605 731 1652 ad
748 1605 858 1652 Italiam:
1111 1605 1144 1652 aa
1187 1637 1203 1664 ,‚

319 1689 443 1751 Agrippa:
558 1690 653 1739 Galliae
671 1689 840 1750 Narbonensis
857 1686 1023 1750 longitudo*:
1094 1692 1144 1740 370
1187 1723 1201 1749 ,,

610 1773 626 1807 *
644 1775 685 1824 616
701 1776 797 1824 Plinius
815 1777 876 1837 (III,
896 1777 947 1836 37).
982 1776 1037 1823 Η66
1054 1776 1152 1835 quidam
1168 1775 1274 1836 spatium
1290 1774 1321 1821 ad

673 1862 766 1910 Varum
788 1863 915 1924 pertinens
933 1861 975 1908 alii
994 1863 1089 1910 codices
1113 1861 1321 1912 6706661666·

672 1949 774 2008 finiunt,
804 1963 877 2008 quern
903 1949 1007 1998 eundem
1030 1962 1159 1996 numerum
1178 1946 1324 1996 Strabonem

674 2048 771 2094 quoque
788 2037 823 2095 (p.
838 2037 898 2098 178)
914 2035 1044 2082 tradidisse
1060 2035 1185 2095 videmus3
1203 2033 1323 2082 6661666-

674 2121 756 2169 116666
782 2119 883 2182 Capella
907 2121 969 2182 (VI,
988 2121 1049 2181 661)
1077 2135 1131 2169 cum
1154 2121 1197 2168 illo
1222 2133 1323 2167 numero

675 2207 725 2256 370
740 2207 874 2255 stadiorum
891 2207 1019 2255 consentit.

257 2287 375 2350 Polybius
392 2289 436 2350 111,
455 2291 496 2353 39,
516 2294 596 2353 9sqq.
614 2291 655 2354 [ab
672 2293 795 2355 Emporiis
813 2293 845 2340 ad
862 2293 1004 2341 Narbonem
1022 2294 1058 2354 (v.
1072 2291 1159 2354 intrem
1185 2293 1235 2341 600
1252 2291 1324 2354 stad]

620 2393 635 2425 6
646 2378 762 2428 Narbone
774 2380 806 2427 ad
816 2380 931 2427 Rhodani
943 2373 1073 2444 dedicore:
1096 2375 1154 2443 arpi
1167 2379 1233 2426 1600
1274 2411 1290 2438 ,,

619 2465 764 2514 thodano
782 2465 814 2514 ad
831 2467 931 2527 Alpium
949 2456 1087 2532 diupoldo:
1162 2465 1228 2514 1400
1269 2497 1284 2524 „

618 2551 717 2612 Alpium
734 2542 856 2620 ἅναβολαὶ
873 2553 905 2600 ad
921 2552 1006 2600 ltaliae
1024 2565 1135 2613 campos:
1161 2551 1227 2601 1100
1268 2583 1284 2610 ,,

255 2683 381 2746 Videtur
405 2688 502 2746 autem
527 2687 663 2764 Agrippa
685 2709 768 2763 orae,
799 2689 905 2751 Strabo
926 2689 1075 2750 Domitiae
1096 2689 1163 2751 riae
1188 2679 1221 2770 (ἦ
1243 2683 1326 2768 ἑτέρα

256 2777 328 2858 ὁδός
351 2807 380 2865 p.
402 2788 473 2867 178)
502 2789 717 2867 longitudinem
743 2793 892 2852 dimensus
919 2812 991 2852 esse.
1041 2793 1146 2872 Neque
1167 2812 1238 2854 vero
1261 2812 1327 2854 cum

255 2891 412 2971 utriusque
434 2892 579 2954 mensuris
592 2895 711 2974 Polybii
734 2895 849 2955 numeri
870 2896 1067 2958 consentiunt
1109 2897 1247 2977 Denique
1268 2913 1328 2976 qua

256 2994 372 3056 ratione
388 2997 494 3070 verba,
517 2998 552 3057 de
569 2998 677 3078 quibus
692 2998 873 3079 quaerimus,
896 2998 928 3058 in
943 2999 1064 3059 tertium
1082 2997 1201 3079 Polybii
1218 2998 1327 3058 librum

202 3171 204 3176 ,
256 3097 431 3173 inciderint,
453 3099 541 3160 facile
556 3100 691 3178 intellegi
706 3105 814 3178 potest.
857 3102 933 3161 Nam
957 3107 1036 3162 certe
1052 3103 1253 3162 Romanorum
1275 3101 1327 3160 ali-

259 3201 326 3282 quis
340 3202 372 3261 in
386 3202 519 3294 margine
534 3203 643 3262 codicis
659 3222 748 3284 quern
761 3203 893 3280 possedit
906 3205 979 3264 haec
991 3204 1115 3278 notavit,
1132 3205 1211 3264 unde
1224 3209 1329 3281 postea

258 3304 446 3364 librariomm
468 3306 555 3383 eulpa
570 3305 603 3365 in
619 3311 734 3366 textum
751 3313 905 3367 venerunt.
950 3308 1056 3388 Itaque
1074 3307 1227 3369 Strabonis
1245 3307 1329 3367 testi·

258 3408 359 3470 monio
379 3409 494 3470 confido
516 3428 550 3469 ac
564 3409 723 3488 Polybium
739 3409 781 3469 ita
800 3409 916 3486 singula
931 3429 1071 3487 passuum
1085 3411 1167 3470 milia
1182 3412 1218 3470 ad
1235 3410 1329 3471 stadia

259 3531 414 3573 revocasse
430 3517 517 3588 puto,
538 3517 648 3573 utnon
664 3512 758 3572 solum
777 3513 868 3574 octies
882 3513 1001 3573 illorum
1017 3533 1172 3574 numerum
1186 3513 1329 3590 multipli-

260 3619 350 3688 caret,
381 3615 543 3675 sedetiam
564 3615 682 3676 tertiam
707 3633 808 3674 eorum
831 3620 945 3692 partem
970 3616 1106 3676 adiceret
1149 3618 1193 3677 Ac
1215 3616 1239 3676 si
1262 3616 1329 3697 quis

260 3718 397 3795 exempla
418 3717 577 3791 desideret,
599 3717 673 3777 illud
693 3736 815 3792 moneo,
838 3723 977 3799 quattuor
992 3719 1041 3780 vel
1061 3718 1193 3800 quinque
1213 3723 1329 3778 tantum

260 3821 355 3900 spatia
377 3840 416 3880 ex
431 3819 550 3900 Polybii
570 3819 654 3881 libris
672 3821 808 3897 passibus
825 3821 966 3880 Romanis
990 3822 1112 3882 definita
1137 3823 1173 3881 ad
1198 3825 1329 3882 nostram

259 3924 429 3987 memoriam
449 3923 634 4001 pervenisse,
664 3943 788 4005 quorum
813 3925 927 3984 duobus
948 3924 1000 3984 illa
1014 3925 1090 3984 ratio
1114 3944 1202 4006 quam
1223 3926 1329 4002 proba·

259 4029 356 4092 vimus
373 4048 391 4088 6
407 4028 551 4089 Strabone
568 4027 668 4088 addita
689 4031 747 4101 est,
776 4031 875 4088 cetera
897 4031 995 4087 autem
1018 4047 1083 4087 cum
1107 4027 1194 4088 certis
1210 4027 1330 4107 Polybii

260 4133 420 4200 stadiorum
443 4131 573 4194 numeris
592 4131 756 4210 comparari
777 4150 838 4190 non
861 4136 998 4210 possunt,
1022 4131 1133 4212 quippe
1155 4131 1207 4213 qui
1228 4129 1330 4193 traditi
