3014 4732
794 299 816 364 2

267 453 438 529 complexus
459 457 513 514 est.
557 455 663 534 Itaque
679 441 781 515 nostra
796 475 855 515 non
874 456 1018 516 interesse
1041 460 1129 533 puto,
1152 457 1251 516 omnia
1272 478 1341 518 con·

265 556 353 630 ferre,
376 575 452 636 quae
469 557 504 616 de
519 556 637 636 Polybii
654 559 834 634 geographia
852 559 961 620 hadita
976 559 1153 633 invenimus,
1178 561 1256 640 quod
1275 581 1340 620 cum

265 658 440 731 fecerimus,
472 664 572 718 tamen
598 659 631 718 in
657 661 713 720 hac
740 661 847 720 misera
871 660 1014 721 librorum
1040 662 1214 722 condicione
1243 681 1341 742 nequa

266 763 386 822 omnino
401 764 536 822 veterum
554 781 651 842 neque
673 763 768 838 ipsam
783 763 903 842 Polybii
927 764 1123 840 geographiae
1142 765 1341 839 cognitionem

266 864 337 924 satis
352 869 535 940 perspectam
552 863 735 924 habebimus.
782 863 979 928 Quamobrem
998 867 1183 944 propositum
1200 866 1273 925 mihi
1287 872 1340 939 est,

266 969 302 1027 de
317 967 355 1027 iis
370 967 573 1028 tantummodo
587 968 676 1026 rebus
693 985 848 1046 quaerere,
872 969 980 1048 quibus
998 970 1227 1042 demonstratur,
1252 988 1340 1048 quem
1392 987 1394 996 ·

263 1070 343 1130 inter
357 1068 535 1129 Graecorum
554 1070 739 1144 geographos
755 1069 853 1128 locum
869 1070 920 1130 ille
940 1072 1077 1146 tenuerit,
1101 1091 1248 1152 quamque
1265 1071 1340 1130 mul·

263 1177 327 1234 tum
347 1174 383 1231 de
399 1178 496 1232 terrae
514 1170 712 1247 descriptione
730 1172 853 1232 meritus
871 1173 923 1234 sit:
947 1174 1054 1254 quibus
1077 1175 1110 1233 in
1132 1175 1222 1234 rebus
1238 1173 1340 1251 impri-

263 1274 319 1334 mis
335 1274 515 1334 astronomia
531 1293 685 1334 mensurae
702 1273 811 1334 itinera
824 1276 922 1336 fontes
939 1276 1039 1337 oculos
1056 1276 1089 1337 in
1104 1297 1135 1337 se
1153 1280 1338 1338 convertunt.

262 1378 311 1436 De
333 1377 380 1436 his
402 1377 495 1452 igitur
516 1395 608 1452 agam.

770 1563 838 1643 §1-

349 1685 387 1743 In
412 1684 642 1756 astronomia
663 1687 755 1744 totam
775 1683 985 1760 geographiam
1005 1683 1088 1763 quasi
1100 1684 1134 1744 in
1147 1685 1336 1744 fundamento

265 1789 433 1866 ponendam
448 1790 512 1847 esse
527 1786 671 1864 Polybius
691 1806 752 1845 non
774 1786 931 1862 ignoravit.
975 1787 1051 1844 Nam
1067 1786 1180 1862 legerat
1194 1785 1336 1865 imprimis

261 1891 470 1950 Eratosthenis
485 1891 591 1964 libros,
615 1889 698 1949 cuius
713 1890 818 1950 studiis
835 1890 974 1949 caelestia
992 1908 1116 1965 corpora
1133 1890 1218 1971 quasi
1230 1890 1262 1950 in
1278 1896 1336 1950 ter-

261 2012 325 2052 ram
344 1994 573 2066 descenderant,
601 2011 668 2051 cum
691 1997 725 2052 ut
749 1993 886 2068 exemplo
909 1997 976 2051 utar
998 1991 1111 2068 primus
1134 1993 1186 2052 ille
1209 2012 1248 2053 ex
1269 1991 1339 2053 solis

260 2099 344 2156 motu
359 2100 391 2156 et
415 2095 571 2170 gnomonis
589 2097 695 2155 umbra
708 2102 805 2155 terrae
827 2095 1045 2170 longitudinem
1067 2095 1155 2156 certis
1177 2096 1339 2155 stadiorum

260 2198 392 2258 numeris
412 2197 603 2262 definivisset.
649 2203 693 2257 Ac
717 2198 795 2258 dixit
808 2197 968 2275 Polybius,
991 2198 1240 2271 cumscientiam,
1263 2217 1340 2278 quae

256 2301 290 2361 in
305 2301 466 2362 dividendo
484 2301 565 2360 caelo
580 2305 757 2373 versaretur,
776 2300 901 2377 primam
916 2319 979 2360 esse
996 2303 1027 2358 et
1041 2319 1184 2364 summam
1199 2304 1229 2361 ct
1244 2302 1337 2360 omni·

257 2405 314 2464 bus
334 2423 534 2477 communem,
558 2405 670 2484 quippe
688 2422 746 2483 qua
770 2408 866 2462 certae
882 2402 956 2462 caeli
977 2407 1077 2478 partes
1092 2403 1171 2462 inter
1186 2421 1217 2461 se
1234 2402 1337 2462 distin·

261 2512 422 2582 gustentur
439 2507 509 2585 (ΙΙΙ,
533 2511 581 2579 36,
606 2506 654 2582 6);
677 2505 800 2566 alteram
815 2524 886 2564 vero
903 2523 968 2563 eam
983 2525 1063 2577 esse,
1085 2523 1145 2585 qua
1161 2524 1214 2564 sua
1229 2505 1337 2585 cuique

261 2609 335 2670 caeli
357 2609 474 2684 regioni
496 2614 640 2668 terrarum
658 2608 723 2667 loca
746 2608 908 2668 attribuere
931 2627 966 2667 ac
988 2606 1075 2668 nobis
1096 2614 1206 2668 certam
1223 2609 1336 2685 opinio-

260 2731 329 2772 nem
353 2713 390 2771 da
405 2711 443 2770 iis
467 2711 585 2792 quoque
607 2710 681 2770 locis
705 2730 875 2786 comparare
899 2710 1016 2784 haeret,
1048 2729 1121 2790 quas
1142 2711 1191 2771 vel
1213 2711 1336 2771 aliorum

260 2814 480 2875 rimationibus
495 2814 545 2875 vel
561 2813 671 2873 nostris
689 2813 821 2889 ipsorum
840 2812 998 2872 itineribus
1022 2813 1217 2888 cognoscendi
1241 2815 1339 2874 adhuc

191 2959 197 2978 ,
261 2917 403 2978 defuisset
427 2917 540 2977 occasio
563 2916 634 2993 (111,
658 2921 707 2990 36,
732 2915 772 2992 7).
816 2915 873 2975 Sed
895 2916 954 2974 iam
977 2935 1016 2973 ex
1036 2915 1084 2974 his
1107 2916 1207 2976 verbis
1229 2917 1333 2990 elucet,

259 3039 322 3080 non
343 3019 438 3080 multa
453 3019 612 3098 Polybium
629 3020 665 3077 ad
684 3017 893 3078 astronomiam
916 3017 1013 3077 studia
1029 3016 1225 3090 convertisse,
1249 3039 1337 3099 quam

262 3122 317 3203 qui
332 3123 409 3182 bene
432 3123 550 3183 noverit
565 3141 686 3198 prorsus
702 3121 789 3181 aliter
807 3121 938 3180 definiet.
982 3122 1022 3180 Et
1040 3119 1173 3197 profecto
1191 3122 1227 3180 de
1242 3121 1338 3198 paral-

259 3225 326 3287 lelis
339 3225 569 3305 meridianisque
586 3207 718 3297 circulis,
741 3234 867 3304 qnorum
883 3223 948 3282 loca
961 3221 1120 3283 intervalla
1135 3241 1287 3282 mensuras
1301 3223 1332 3282 id

259 3329 402 3405 temporis
425 3327 511 3387 multi
535 3327 713 3404 perscrutari
739 3327 912 3398 studebant,
944 3325 1032 3401 plane
1057 3324 1184 3384 tacuisse
1203 3325 1329 3385 videtur.

258 3431 305 3490 De
321 3431 408 3491 astris
424 3437 521 3491 autom
538 3431 598 3489 iam
613 3431 691 3507 apud
708 3431 871 3489 Homerum
886 3427 954 3505 plus
968 3426 1103 3487 invenire
1118 3426 1225 3504 potuit,
1242 3445 1330 3509 quam

257 3534 356 3611 ipsum
374 3532 493 3593 novisse
511 3538 646 3610 apparet,
669 3553 735 3592 oum
755 3536 874 3609 praeter
891 3522 1008 3588 adorna
1024 3522 1114 3611 ζῴδια
1131 3529 1206 3606 (IX,
1227 3534 1262 3588 15
1272 3576 1280 3604 ,
1300 3531 1332 3607 8)

258 3640 374 3698 mutum
398 3655 499 3695 eorum
523 3637 652 3695 siderum
675 3639 757 3694 ortus
781 3639 812 3693 et
834 3651 953 3692 occasus
977 3632 1263 3705 commemoraverit,
1295 3651 1334 3690 ex

258 3739 368 3820 quibus
390 3744 599 3816 tempestatum
622 3739 704 3799 vices
723 3735 874 3814 provideri
896 3735 1032 3794 solebant
1055 3725 1175 3811 (Ὠρίων
1194 3736 1216 3808 Ι,
1236 3735 1285 3808 37,
1304 3740 1334 3794 4.

261 3834 354 3901 Κύων
372 3842 397 3915 1,
416 3843 464 3915 at,
480 3849 509 3901 4.
531 3843 572 3914 Π,
593 3845 640 3914 1a,
658 3845 686 3900 a.
734 3832 844 3906 Πιειάς
861 3839 918 3910 111,
939 3841 988 3910 aa,
1014 3841 1037 3894 1.
1062 3836 1113 3910 tv,
1134 3839 1183 3910 37,
1203 3842 1230 3896 a.
1254 3837 1290 3909 v,
1314 3842 1326 3894 1

261 3949 277 4004 1
298 3964 363 4026 sqq.
394 3946 457 4018 IX,
483 3949 535 4018 18,
563 3943 658 4023 lsq.).
702 3942 779 4002 Solis
803 3942 909 4001 deinde
933 3939 1160 4001 conversionum
1180 3947 1211 3999 et
1233 3939 1335 4020 aequi-

258 4046 433 4122 noctiorum,
457 4066 532 4128 qnae
547 4047 621 4106 itam
636 4045 696 4102 iam
710 4045 842 4103 Homero
860 4048 932 4103 nota
948 4049 1041 4116 erant,
1063 4041 1245 4102 mentionem
1262 4042 1335 4102 feeit

257 4148 310 4210 ille
330 4151 465 4232 qnidam,
495 4151 546 4210 sod
571 4149 703 4227 (praeter
726 4148 829 4224 zonas)
856 4148 1059 4207 tantummodo
1083 4147 1120 4206 ad
1142 4150 1253 4206 certam
1268 4144 1334 4206 ‚diei
