3014 4732
717 325 738 392 5

190 485 283 562 ptoris
303 484 424 566 quidem
449 483 666 560 imprudentiae
687 483 780 544 verba
798 482 851 541 illa
872 480 1031 541 tribuenda
1052 483 1129 540 sunt.
1171 479 1266 538 Immo

190 593 260 648 sunt
276 594 356 648 certe
372 587 504 665 Polybii,
528 587 629 668 quise
652 586 689 645 ab
707 586 754 645 his
769 586 858 644 rebus
871 583 1043 643 alieniorem
1061 601 1124 643 esse
1147 583 1266 640 demon-

190 691 296 754 stravit
317 709 415 770 neque
438 690 516 749 clare
538 689 705 766 perspexit,
729 688 808 768 quod
830 686 977 763 exposuit.

275 797 409 871 Apparet
427 813 497 868 ergo
515 793 675 872 Polybium
691 791 888 850 astronomiae
904 808 964 848 non
983 787 1138 860 studuisse,
1161 791 1195 846 ut
1210 787 1268 846 hoc

189 895 223 954 in
245 896 438 955 fundamento
461 895 672 973 geographiam
696 897 836 970 poneret,
866 895 998 970 autquo
1025 891 1154 950 siderum
1175 888 1267 949 caele·

190 998 281 1058 stium
296 1003 392 1058 motus
408 998 576 1075 perspicere
593 1017 681 1078 quam
698 995 835 1056 admirari
852 994 969 1067 mallet,
993 995 1044 1053 sed
1065 997 1189 1070 propter
1208 989 1266 1050 uti·

190 1099 304 1162 litatem
325 1121 476 1177 magnam,
499 1119 588 1181 quam
613 1101 646 1159 in
670 1098 860 1159 historiarum
883 1096 968 1156 libris
990 1095 1201 1173 componendis
1217 1092 1268 1154 vel

191 1202 223 1260 in
246 1204 397 1281 republica
424 1204 616 1280 gubernanda
642 1203 692 1263 vel
718 1203 751 1260 in
777 1200 855 1260 bello
884 1200 1013 1276 gerendo
1039 1200 1167 1259 afferret.
1218 1199 1268 1256 An

191 1306 387 1366 astronomiae
402 1311 454 1366 aut
471 1305 673 1382 geographiae
689 1323 777 1363 causa
794 1302 893 1361 omnia
908 1301 961 1360 illa
977 1302 1012 1359 de
1032 1301 1102 1361 solis
1123 1321 1157 1361 ac
1179 1301 1267 1359 lunae

191 1428 278 1469 eursu
300 1415 471 1485 persecutus
489 1407 551 1468 est?
595 1408 690 1467 Immo
707 1425 780 1467 vero
804 1406 1005 1464 demonstrare
1022 1404 1079 1463 sibi
1102 1403 1265 1481 proposuit,

191 1531 333 1572 summam
348 1512 465 1572 laudem
482 1510 703 1588 imperatoriam
717 1529 778 1570 non
797 1529 836 1568 ex
853 1507 915 1567 eolo
933 1529 989 1567 usu
1006 1506 1153 1583 proficisci
1170 1527 1265 1585 posse,

190 1615 241 1674 sed
266 1634 334 1674 eum
359 1616 487 1674 existere
511 1614 708 1690 optimumst
731 1612 896 1688 perfectum
917 1610 1045 1669 militum
1069 1611 1184 1684 ducem,
1215 1611 1266 1692 qui

191 1737 257 1776 oum
279 1735 379 1775 rernm
404 1717 590 1793 experientia
611 1695 777 1775 litterarum
802 1714 899 1774 studia
921 1717 1010 1792 atque
1028 1713 1156 1771 animum
1181 1713 1266 1773 disci-

191 1819 275 1896 plina
290 1819 436 1878 eruditum
452 1820 652 1895 coniungeret.
697 1820 736 1878 Et
751 1837 833 1876 error
846 1816 897 1876 ille
914 1836 1002 1896 quem
1019 1815 1267 1892 deprehendimus

193 1921 310 1997 cuinam
332 1927 430 1998 potest
452 1922 503 1980 alii
528 1922 660 1982 accidere
684 1921 742 1980 nisi
760 1921 787 1979 ei
804 1920 870 2001 qui,
900 1919 925 1979 si
949 1939 1010 1978 non
1034 1919 1123 1995 plane
1145 1908 1267 1994 ignarus

193 2024 361 2084 caelestium
376 2043 490 2098 rerum,
512 2030 612 2084 tamen
628 2025 730 2084 rudior
745 2027 798 2097 est,
822 2042 911 2103 quam
928 2022 976 2082 cni
990 2022 1023 2082 in
1041 2021 1189 2082 cotidiano
1206 2039 1266 2080 ser·

192 2145 279 2186 mono
297 2127 346 2186 vel
361 2147 459 2187 rernm
477 2128 727 2204 contemplatione
741 2127 872 2186 rationes
887 2125 1101 2186 astronomicae
1119 2124 1203 2206 quasi
1221 2123 1267 2182 in-

191 2229 254 2289 vito
270 2235 301 2288 et
317 2230 416 2290 neseio
432 2229 543 2290 oboriri
559 2229 693 2290 soleant?
738 2228 803 2293 Quo
818 2229 930 2288 factum
947 2233 1005 2301 est,
1028 2233 1063 2288 ut
1079 2233 1193 2288 rectum
1212 2245 1267 2286 neo

193 2331 229 2390 de
244 2333 441 2392 Eratosthene
457 2353 512 2392 nec
528 2335 564 2392 de
581 2333 697 2412 Pythea
711 2332 852 2392 iudicium
867 2332 965 2391 facere
983 2336 1097 2407 posset,
1128 2331 1180 2411 qui
1201 2330 1266 2410 qui-

192 2436 259 2494 dem
272 2434 331 2494 viri
345 2435 463 2494 illarum
480 2435 646 2518 litterarum
669 2435 765 2494 studia
782 2454 843 2493 non
866 2439 900 2494 ut
916 2433 1051 2494 historici
1067 2434 1117 2494 vel
1138 2422 1267 2492 militum

192 2538 280 2596 duces
303 2538 353 2598 sed
377 2542 410 2599 ut
433 2539 594 2598 astronomi
614 2537 836 2617 geographique
853 2557 919 2596 oum
937 2555 1045 2613 magna
1061 2535 1216 2612 diligentia
1237 2541 1268 2596 et

191 2638 289 2699 animo
311 2641 457 2716 complexi
477 2645 547 2700 sunt
571 2646 601 2701 et
625 2641 728 2715 lingua
748 2640 981 2702 illustraverunt.
1026 2637 1159 2702 Quorum
1181 2639 1266 2698 illum

192 2742 310 2818 saepius
325 2742 358 2801 in
376 2742 500 2819 singulis
520 2743 692 2820 regionibus
708 2743 891 2820 vituperavit
913 2748 944 2803 et
964 2743 1120 2802 emendare
1145 2741 1265 2818 studuit,

194 2845 277 2924 quasi
295 2845 357 2905 eius
371 2865 460 2906 verae
482 2846 577 2906 laudis
599 2847 687 2924 plane
706 2847 823 2908 nescius
847 2851 938 2918 esset;
961 2847 1041 2906 hunc
1053 2863 1125 2905 vero
1146 2865 1268 2921 prorsus

192 2949 362 3010 mendacem
385 2948 536 3008 hominem
553 2968 617 3009 esse
633 2950 799 3024 contendit,
823 2949 871 3009 cui
890 2949 943 3029 qui
963 2948 1091 3008 confisus
1112 2953 1204 3022 esset,
1234 2948 1267 3006 in

192 3069 300 3127 magna
321 3071 453 3111 errorum
476 3053 561 3130 copia
581 3055 725 3112 haereret.

697 3240 765 3319 ss.

277 3362 341 3419 Iam
363 3363 399 3420 ad
423 3363 633 3422 stadiorum
655 3381 844 3421 mensuras
866 3365 993 3422 transeo.
1038 3358 1120 3423 Quae
1145 3379 1204 3440 qua
1223 3360 1266 3419 di-

192 3462 316 3538 ligentia
329 3484 347 3523 a
361 3465 553 3542 scriptoribus
567 3466 643 3526 tradi
661 3466 783 3538 soleant,
801 3465 861 3523 iam
876 3463 1012 3541 pluribus
1026 3481 1176 3540 exponere
1187 3463 1265 3537 nolo,

193 3586 259 3625 cnm
280 3577 429 3644 praestare
444 3569 594 3643 videatur,
617 3569 775 3646 separatim
794 3568 865 3648 quid
882 3569 917 3626 de
935 3584 1054 3646 quoqne
1068 3585 1189 3626 numero
1207 3570 1267 3626 sta-

191 3669 334 3730 tuendum
351 3673 391 3732 sit
412 3691 562 3751 quaerere.
607 3672 665 3732 Sed
688 3675 847 3751 antequam
863 3670 980 3746 singula
994 3674 1170 3742 uacumus,
1192 3667 1267 3726 illud

192 3793 369 3851 cognoscere
386 3795 460 3852 opus
478 3775 547 3849 erit,
572 3795 661 3855 quam
683 3775 829 3835 rationem
850 3774 929 3833 inter
946 3792 1049 3849 passus
1066 3771 1267 3830 Romanorum

193 3885 223 3937 et
239 3879 528 3948 stadiafiraeoorum
549 3879 732 3939 intercedere
748 3877 892 3956 Polybius
912 3875 1066 3935 censuerit.
1110 3874 1157 3932 Ad
1178 3891 1265 3952 qnam

192 4001 254 4042 rem
272 3983 492 4060 disceptandam
508 3982 565 4042 tria
578 3987 714 4042 veterum
730 3981 906 4056 scriptorum
921 3977 1091 4038 testimonia
1106 3975 1266 4053 pertinent,

193 4105 318 4166 quorum
335 4087 464 4163 primum
477 4091 519 4156 (α)
537 4086 614 4161 apud
631 4084 807 4144 Strabonem
821 4088 867 4142 est
883 4081 923 4159 (p.
937 4080 1027 4157 322):
1049 4075 1080 4138 ἐκ
1096 4080 1149 4154 τῆς
1163 4070 1267 4138 Ἀπολ·

191 4188 298 4260 instar
315 4186 357 4260 εἰς
374 4185 570 4248 Μακεδονίαν
587 4179 607 4264 ἡ
624 4179 760 4267 Ἐγνατία
779 4181 858 4245 ἐστὶν
875 4176 947 4254 ὁδός
965 4175 1041 4262 πρὸς
1060 4177 1114 4257 ἕω,
1137 4179 1264 4260 defigun-
