3014 4732
791 327 835 394 20

272 477 352 556 lybii
369 498 524 540 numerum
549 481 585 555 (ζ)
607 484 638 544 et
653 480 778 542 marium
800 501 951 544 mensuras
972 481 1151 557 intercedat,
1181 503 1248 545 cum
1270 489 1351 546 reeta

272 581 326 642 illa
346 583 383 641 ab
402 581 543 644 Herculia
565 583 710 646 columnis
734 588 771 645 ad
797 605 830 646 os
850 586 975 646 Maeotis
999 587 1080 648 linea
1096 589 1215 664 Europa
1239 607 1350 666 nequa·

274 704 362 764 quam
378 687 415 746 ab
431 687 550 748 interno
565 688 640 752 mari
656 689 837 765 seiungctur.
872 691 937 751 Hes
952 691 1153 753 dubitationes
1169 691 1280 769 optime
1296 692 1349 752 teli

272 789 359 848 modo
381 789 448 850 tolli
470 792 567 852 oredo.

357 892 475 966 Errant,
497 893 523 953 si
543 913 604 954 uon
622 893 687 972 ipse
699 894 826 970 Plinius,
848 899 879 955 at
897 900 976 956 certe
990 895 1054 956 eius
1071 895 1187 956 codices
1203 896 1235 956 in
1253 895 1349 974 primo

272 1013 404 1069 numero,
426 1015 513 1075 quem
529 995 672 1074 Polybius
689 1017 750 1057 nou
766 999 802 1058 de
819 997 872 1058 illa
889 1018 977 1078 quam
992 998 1026 1058 in
1043 998 1130 1062 libris
1144 998 1269 1074 legimus
1284 999 1350 1058 lon·

273 1096 407 1173 gitudine
424 1098 538 1175 posuit,
561 1100 613 1160 sed
628 1101 665 1160 de
682 1100 777 1177 spatio
795 1105 885 1174 recto,
906 1102 986 1180 quod
1003 1101 1083 1162 inter
1098 1099 1275 1182 Gaditanum
1291 1102 1350 1160 isa·

205 1231 212 1238 ·
274 1203 337 1260 tum
359 1207 390 1260 et
410 1200 570 1262 Issicum
592 1201 713 1263 sinum
735 1203 864 1280 patebat.
907 1202 997 1263 (luins
1021 1203 1088 1264 riae
1110 1203 1243 1280 singulus
1265 1203 1349 1264 deiu-

274 1321 344 1380 ceps
361 1323 514 1364 mensuras
531 1305 636 1381 refert,
658 1306 711 1365 sed
727 1305 785 1380 ita,
807 1310 842 1366 ut
857 1309 908 1366 ant
922 1304 1042 1366 Sicssiae
1059 1307 1162 1367 Cretae
1177 1305 1269 1387 cypri
1285 1307 1350 1366 lon·

273 1404 425 1484 gitudines
440 1426 458 1466 a
475 1406 619 1485 scriptore
637 1407 811 1468 emittantur
833 1409 920 1487 (quas
937 1397 1057 1488 duidem
1071 1409 1228 1486 Polybius,
1250 1409 1276 1468 si
1293 1411 1349 1470 hoo

271 1509 427 1587 probetur,
450 1511 613 1571 27500-
631 1512 733 1570 18720
749 1538 792 1562 =
810 1511 891 1571 8780
909 1510 1013 1572 stadiis
1031 1511 1202 1572 definivisse
1217 1512 1348 1592 videtur)

273 1615 325 1672 ant
341 1632 478 1674 numeros
493 1612 525 1673 in
541 1611 691 1674 codicibus
707 1613 883 1690 depravatos
899 1633 963 1673 esse
979 1615 1167 1700 statuendum
1185 1614 1233 1674 sit.
1273 1613 1345 1674 Tum

271 1715 372 1792 pergit
388 1714 506 1775 Plinius
531 1715 602 1794 (VI,
620 1714 694 1792 207)
717 1714 765 1775 his
782 1713 898 1776 verbis:
936 1717 1084 1794 ‘Agrippa
1102 1716 1155 1774 hoe
1172 1716 1243 1775 idem
1261 1719 1342 1775 sister-

272 1817 378 1877 oallum
400 1837 417 1876 u
434 1816 518 1896 freto
535 1819 677 1877 Gaditano
701 1819 743 1876 ad
761 1819 853 1876 sebum
871 1818 989 1876 Issicum
1011 1837 1064 1895 per
1082 1817 1286 1896 longitudinem
1303 1819 1343 1876 111-

274 1947 381 1996 rectam
406 1921 564 1998 HM
589 1937 643 1996 XL
661 1938 704 1996 M.
718 1959 751 2016 p.
780 1938 835 2015 (=
853 1938 957 1997 27820
978 1936 1027 2016 st)
1058 1938 1163 1996 luxat'
1209 1936 1269 2001 Qui
1294 1959 1348 1999 nu·

273 2060 371 2100 merus
386 2042 449 2100 lere
465 2041 546 2101 idem
564 2045 624 2112 est,
654 2059 741 2119 quem
759 2045 845 2100 antea
862 2059 900 2099 ex
915 2039 1036 2119 Polybii
1052 2040 1138 2100 libris
1155 2039 1282 2118 sumpsit
1296 2040 1348 2099 ille

274 2142 410 2223 quidem,
440 2143 492 2202 sed
515 2144 552 2202 ad
574 2142 679 2202 falsam
704 2141 814 2202 lineam
837 2161 992 2203 revocasse
1009 2142 1136 2202 videtur.
1180 2142 1228 2202 Sic
1251 2142 1349 2202 omnia

272 2245 352 2306 inter
378 2267 410 2306 se
434 2247 601 2306 cohaerent.
645 2246 685 2305 Et
707 2244 889 2305 Artemidori
913 2265 1031 2325 quoque
1055 2265 1194 2306 numerus
1216 2246 1348 2316 addatur,

274 2347 326 2428 qui
341 2347 532 2425 Agathemeri
549 2347 719 2408 testimonio
736 2346 766 2427 (5
783 2348 832 2426 16)
849 2346 883 2407 in
901 2348 1024 2406 eandem
1040 2346 1150 2406 lineam
1169 2352 1272 2407 26820
1289 2352 1347 2406 sta·

427 2450 580 2460 -----

274 2466 324 2528 dia
352 2469 408 2546 (==
429 2468 581 2528 XXXIII.
604 2467 663 2528 LII
686 2468 727 2528 ll.
748 2467 776 2524 D
799 2467 889 2544 pass.)
920 2466 1054 2544 collegit5
1086 2465 1190 2528 Strabo
1218 2466 1347 2547 denique

272 2570 315 2650 (p.
335 2569 408 2650 106)
429 2560 504 2650 ὑπὲρ
528 2576 633 2631 assos
650 2575 686 2630 sc
708 2569 818 2649 posuit.

359 2673 423 2733 Ism
440 2692 512 2734 rere
531 2674 569 2734 ad
585 2694 603 2732 s
619 2678 650 2732 et
667 2671 682 2744 ξ
702 2676 768 2732 eto
791 2676 924 2744 transeo;
953 2689 1022 2732 nam
1045 2693 1066 2748 μ
1091 2671 1238 2746 omittam,
1268 2673 1347 2751 quod

272 2775 416 2854 Polybius
431 2794 492 2836 non
507 2780 642 2837 accurate
664 2777 701 2834 ed
720 2775 846 2835 calculos
862 2773 995 2848 vocavit,
1024 2776 1077 2834 aad
1095 2778 1211 2834 tantm
1229 2774 1272 2834 ita
1289 2779 1348 2836 stc·

272 2879 346 2954 tuit,
367 2883 402 2939 ut
425 2882 508 2938 2500
527 2878 623 2939 stadia
647 2877 752 2940 novies
771 2877 998 2955 multiplicaret3
1026 2877 1070 2937 ita
1093 2878 1202 2938 facum
1225 2882 1284 2953 eat,
1314 2883 1349 2937 ut

272 2981 323 3042 hic
348 3001 489 3042 numerus
512 2980 657 3042 coeteris
681 2980 877 3059 discreparet,
908 2999 981 3059 quos
1003 2980 1040 3040 de
1062 2981 1166 3040 eodem
1186 2979 1345 3042 intervallo

271 3083 430 3162 Polybium
457 3084 590 3161 posuisse
617 3082 677 3144 iam
704 3082 939 3143 commemorari.
990 3083 1048 3142 Sed
1075 3082 1107 3142 in
1132 3082 1193 3142 illis
1215 3082 1346 3142 numeris

272 3186 434 3248 tractandis
458 3187 622 3265 complures
647 3185 825 3265 scriptorum
849 3203 1004 3245 mensurae
1032 3186 1244 3262 comparandae
1267 3190 1347 3258 sunt,

274 3308 349 3370 quas
368 3288 564 3368 praemittens

274 3459 454 3520 Agstbemarus
464 3459 507 3519 111,
521 3461 552 3508 8:
569 3460 600 3507 Δ.
617 3457 717 3506 maioris
734 3456 840 3519 Syrtidis
856 3458 980 3519 periplus:
1236 3458 1302 3508 8000
1315 3463 1345 3508 st.

572 3545 601 3591 B.
620 3543 722 3592 minoris
739 3542 845 3605 syrtidis
863 3544 988 3606 periples:
1238 3545 1304 3595 1800
1322 3579 1337 3604 „

274 3629 363 3680 Strabo
380 3644 405 3691 p.
419 3633 482 3680 lca:
570 3628 598 3678 0.
617 3629 719 3677 minoris
737 3628 842 3691 Syrtidis
859 3629 983 3691 periples:
1237 3632 1302 3680 1800
1320 3665 1337 3692 „

568 3716 600 3764 D.
619 3715 719 3764 maioris
740 3714 845 3777 Syrtidis
874 3716 996 3776 perlplum
1018 3714 1194 3764 Eratosthenes

665 3806 748 3850 taxat:
1236 3804 1304 3852 0000
1321 3835 1337 3861 ,.

862 3887 905 3935 sed
923 3887 966 3934 alii
983 3891 1081 3934 mant:
1234 3887 1302 3935 4000
1321 3921 1336 3948 ,,

570 3971 599 4022 n.
617 3971 717 4020 maioris
734 3970 841 4033 Syrtidis
858 3965 939 4039 βάθος
956 3971 1126 4021 Eratosthenis
1143 3987 1198 4021 sen·

665 4058 758 4105 untia:
1238 4058 1303 4108 1800
1321 4092 1336 4117 ,,

874 4143 918 4192 sss
934 4127 1039 4192 susum
1055 4143 1184 4208 opiniones
1236 4144 1304 4195 ssoo
1321 4177 1337 4205 „
